Date,Amount,Account Number,,Transaction Type,Transaction Details,Balance,Category,Merchant Name,Processed On
28 Feb 26,-236.38,Card ending 8723,,PURCHASE AUTHORISATION,Woolworths Online 1800000610 036,-7387.85,Groceries,Woolworths Online,
28 Feb 26,-6.00,Card ending 8723,,PURCHASE AUTHORISATION,SQ *CARMEL AMELIA SCHOOL Woodend 036,-7151.47,Other shopping,Square,
28 Feb 26,-11.50,Card ending 8723,,PURCHASE AUTHORISATION,BUNNINGS SUNBURY 6411 SUNBURY 036,-7145.47,Home improvements,Bunnings (Sunbury),
28 Feb 26,-7.70,Card ending 6690,,PURCHASE AUTHORISATION,VIC PROPERTY CERTS MELBOURNE 036,-7133.97,Government,"Department of Environment, Land, Water & Planning",
28 Feb 26,-28.99,Card ending 6690,,PURCHASE AUTHORISATION,Netflix.com Melbourne 036,-7126.27,Subscriptions,Netflix,
27 Feb 26,-4.49,Card ending 8723,,PURCHASE AUTHORISATION,Google One Barangaroo 036,-7097.28,Electronics & technology,Google Australia,
27 Feb 26,-9.50,Card ending 8723,,PURCHASE AUTHORISATION,Gaffney's Bakery Heathcote 036,-7092.79,Groceries,Gaffney's Bakery (Heathcote),
27 Feb 26,-37.10,Card ending 8723,,PURCHASE AUTHORISATION,EZI*Hume City Council 0 036,-7083.29,Other shopping,EziDebit,
27 Feb 26,-429.87,Card ending 6690,,PURCHASE AUTHORISATION,Zurich Australia Limited North Sydney 036,-7046.19,Insurance,Zurich,
27 Feb 26,-9.99,Card ending 6690,,PURCHASE AUTHORISATION,AMZNPRIMEA* AMZNPRIMEA +61180006412 036,-6616.32,Subscriptions,Amazon Prime Membership,
27 Feb 26,-16.45,Card ending 6690,,CREDIT CARD PURCHASE,Audible Limited AU MELBOURNE,-6606.33,Subscriptions,Audible,27 Feb 26
27 Feb 26,-10.00,Card ending 8723,,CREDIT CARD PURCHASE,HUME CITY COUNCIL SUNBURY,-6589.88,Travel expenses,Hume City Council (Sunbury Visitor Information Centre),27 Feb 26
27 Feb 26,-52.34,Card ending 6690,,CREDIT CARD PURCHASE,CRAZYDOMAINSHOSTING 61290372826,-6579.88,Electronics & technology,Crazy Domains,27 Feb 26
27 Feb 26,-0.52,Card ending 6690,,FEES,NAB INTNL TRAN FEE - (SC),-6527.54,Fees,,27 Feb 26
27 Feb 26,-151.95,Card ending 8723,,CREDIT CARD PURCHASE,SchoolPix 0387864800,-6527.02,Services,SchoolPix,27 Feb 26
26 Feb 26,-56.32,Card ending 8723,,PURCHASE AUTHORISATION,CHEMIST WAREHOUSE SUNBURY 036,-6375.07,Medical,Chemist Warehouse (Sunbury),
26 Feb 26,-1.49,Card ending 8723,,PURCHASE AUTHORISATION,APPLE.COM/BILL SYDNEY 036,-6318.75,Subscriptions,Apple (App Store),
26 Feb 26,-15.00,Card ending 6690,,CREDIT CARD PURCHASE,Delivery Unlimited BellaVista,-6317.26,Groceries,Woolworths,26 Feb 26
26 Feb 26,-300.00,Card ending 6690,,CREDIT CARD PURCHASE,BOOST PREPAID RECHARGE MELBOURNE,-6302.26,Phone & internet,Boost Mobile Australia,26 Feb 26
26 Feb 26,-193.31,Card ending 8723,,CREDIT CARD PURCHASE,Woolworths Online BellaVista,-6002.26,Groceries,Woolworths Online,26 Feb 26
25 Feb 26,-9.90,Card ending 6690,,PURCHASE AUTHORISATION,CRAZYDOMAINSHOSTING 61290372826 702,-5808.95,Electronics & technology,Crazy Domains,
25 Feb 26,-6.25,Card ending 8723,,CREDIT CARD PURCHASE,MCDONALDS GISBORNE GISBORNE SOUT,-5799.05,Restaurants & takeaway,McDonald's (Gisborne),25 Feb 26
25 Feb 26,-24.98,Card ending 8723,,CREDIT CARD PURCHASE,TOYWORLD SUNBURY,-5792.80,Other shopping,Toyworld (Sunbury),25 Feb 26
25 Feb 26,-21.60,Card ending 6690,,CREDIT CARD PURCHASE,MICROSOFT#G142485644 MSBILL.INFO,-5767.82,Electronics & technology,Microsoft,25 Feb 26
25 Feb 26,-285.98,Card ending 8723,,CREDIT CARD PURCHASE,CHEMIST WAREHOUSE SUNBURY,-5746.22,Medical,Chemist Warehouse (Sunbury),25 Feb 26
24 Feb 26,-8.99,Card ending 8723,,CREDIT CARD PURCHASE,VIBE GISBORNE GISBORNE,-5460.24,Fuel,Vibe Petroleum (Gisborne),24 Feb 26
24 Feb 26,-47.95,Card ending 8723,,CREDIT CARD PURCHASE,MCDONALDS SEBASTOPOL SEBASTOPOL,-5451.25,Restaurants & takeaway,McDonald's (Sebastopol),24 Feb 26
24 Feb 26,-47.15,Card ending 6690,,CREDIT CARD PURCHASE,SNAP FITNE* SNAP FITNE SUNBURY,-5403.30,Gym & fitness,Snap Fitness (Sunbury),24 Feb 26
24 Feb 26,-125.00,Card ending 8723,,CREDIT CARD PURCHASE,TEETH ON WHEELS PASCOE VALE S,-5356.15,Uncategorised,,24 Feb 26
24 Feb 26,-125.00,Card ending 8723,,CREDIT CARD PURCHASE,TEETH ON WHEELS PASCOE VALE S,-5231.15,Uncategorised,,24 Feb 26
24 Feb 26,-101.65,Card ending 8723,,CREDIT CARD PURCHASE,MOONIE'S FAMILY PTY L Sunbury,-5106.15,Uncategorised,,24 Feb 26
23 Feb 26,-46.75,Card ending 8723,,CREDIT CARD PURCHASE,MCDONALDS PORTLAND PORTLAND,-5004.50,Restaurants & takeaway,McDonald's (Portland),23 Feb 26
23 Feb 26,-28.98,Card ending 8723,,CREDIT CARD PURCHASE,APPLE.COM/BILL SYDNEY,-4957.75,Subscriptions,Apple (App Store),23 Feb 26
23 Feb 26,-217.89,Card ending 8723,,CREDIT CARD PURCHASE,Woolworths Online Bella Vista,-4928.77,Groceries,Woolworths Online,23 Feb 26
23 Feb 26,-153.56,Card ending 8723,,CREDIT CARD PURCHASE,7-ELEVEN 1161 SUNBURY,-4710.88,Fuel,7-Eleven (Sunbury),23 Feb 26
23 Feb 26,2782.00,Card ending 6690,,CREDIT CARD PAYMENT,INTERNET PAYMENT Linked Acc Trns,-4557.32,Internal transfers,,23 Feb 26
23 Feb 26,-62.95,Card ending 6690,,INTEREST CHARGED,INTEREST ON PURCHASE(S),-7339.32,Fees,,23 Feb 26
20 Feb 26,-55.41,Card ending 6690,,CREDIT CARD PURCHASE,BRIGHTE CAPITAL SYDNEY,-7276.37,Loans,Brighte,20 Feb 26
20 Feb 26,-199.00,Card ending 8723,,CREDIT CARD PURCHASE,POP FAMILY PTY LTD HAWTHORNE,-7220.96,Medical,Pop Family,20 Feb 26
17 Feb 26,-29.50,Card ending 8723,,CREDIT CARD PURCHASE,EZI*Hume City Council Craigieburn,-7021.96,Government,Hume City Council (Craigieburn),17 Feb 26
17 Feb 26,-13.90,Card ending 8723,,CREDIT CARD PURCHASE,PORTLAND AMCAL PHARM PORTLAND,-6992.46,Medical,Amcal Chemist (Portland),17 Feb 26
17 Feb 26,-214.00,Card ending 8723,,CREDIT CARD PURCHASE,POP FAMILY PTY LTD HAWTHORNE,-6978.56,Medical,Pop Family,17 Feb 26
17 Feb 26,-181.18,Card ending 8723,,CREDIT CARD PURCHASE,Woolworths Online Bella Vista,-6764.56,Groceries,Woolworths Online,17 Feb 26
16 Feb 26,-4.99,Card ending 6690,,CREDIT CARD PURCHASE,Google Sky News Austr Barangaroo,-6583.38,Electronics & technology,Google Australia,16 Feb 26
16 Feb 26,-37.10,Card ending 8723,,CREDIT CARD PURCHASE,EZI*Hume City Council Craigieburn,-6578.39,Government,Hume City Council (Craigieburn),16 Feb 26
16 Feb 26,-15.40,Card ending 8723,,CREDIT CARD PURCHASE,Gaffney's Bakery Heathcote,-6541.29,Groceries,Gaffney's Bakery (Heathcote),16 Feb 26
16 Feb 26,-99.58,Card ending 8723,,CREDIT CARD PURCHASE,SIZZLER RESTOBAR WOODEND,-6525.89,Restaurants & takeaway,Sizzler (Woodend),16 Feb 26
16 Feb 26,-71.00,Card ending 8723,,CREDIT CARD PURCHASE,SQ *THE SOCIAL FOUNDRY Kyneton,-6426.31,Cafe & coffee,Social Foundry,16 Feb 26
16 Feb 26,-50.52,Card ending 8723,,CREDIT CARD PURCHASE,FLEXISCHOOLS*ACC TOPUP 1300361769,-6355.31,Education,Flexischools,16 Feb 26
13 Feb 26,-9.00,Card ending 8723,,CREDIT CARD PURCHASE,HUME CITY COUNCIL SUNBURY,-6304.79,Travel expenses,Hume City Council (Sunbury Visitor Information Centre),13 Feb 26
13 Feb 26,-4.50,Card ending 8723,,CREDIT CARD PURCHASE,HUME CITY COUNCIL SUNBURY,-6295.79,Travel expenses,Hume City Council (Sunbury Visitor Information Centre),13 Feb 26
13 Feb 26,-123.64,Card ending 8723,,CREDIT CARD PURCHASE,AGL SALES 0308 MELBOURNE,-6291.29,Utilities,AGL,13 Feb 26
12 Feb 26,-15.99,Card ending 8723,,CREDIT CARD PURCHASE,REVIVE PHARMACY GOONAW SUNBURY,-6167.65,Medical,Revive Pharmacy (East Melbourne),12 Feb 26
12 Feb 26,-70.70,Card ending 8723,,CREDIT CARD PURCHASE,SCHOLASTIC AUSTRALIA P LISAROW,-6151.66,Media,Scholastic,12 Feb 26
12 Feb 26,-186.25,Card ending 8723,,CREDIT CARD PURCHASE,Woolworths Online Bella Vista,-6080.96,Groceries,Woolworths Online,12 Feb 26
11 Feb 26,-85.00,Card ending 6690,,CREDIT CARD PURCHASE,TELSTRA SERVICES MELBOURNE,-5894.71,Phone & internet,Telstra,11 Feb 26
10 Feb 26,-1.00,Card ending 8723,,CREDIT CARD PURCHASE,MCDONALDS ROSENTHAL SUNBURY,-5809.71,Restaurants & takeaway,McDonald's (Rosenthal Village),10 Feb 26
10 Feb 26,-47.15,Card ending 6690,,CREDIT CARD PURCHASE,SNAP FITNE* SNAP FITNE SUNBURY,-5808.71,Gym & fitness,Snap Fitness (Sunbury),10 Feb 26
10 Feb 26,-20.35,Card ending 8723,,CREDIT CARD PURCHASE,MCDONALDS ROSENTHAL SUNBURY,-5761.56,Restaurants & takeaway,McDonald's (Rosenthal Village),10 Feb 26
10 Feb 26,-14.95,Card ending 6690,,CREDIT CARD PURCHASE,POCKETSMITH DUNEDIN,-5741.21,Uncategorised,,10 Feb 26
10 Feb 26,-0.15,Card ending 6690,,FEES,NAB INTNL TRAN FEE - (SC),-5726.26,Fees,,10 Feb 26
09 Feb 26,-6.60,Card ending 8723,,CREDIT CARD PURCHASE,Gaffney's Bakery Heathcote,-5726.11,Groceries,Gaffney's Bakery (Heathcote),09 Feb 26
09 Feb 26,-14.59,Card ending 8723,,CREDIT CARD PURCHASE,SHELL REDDY EXPRESS SUN SUNBURY,-5719.51,Fuel,Shell Reddy Express (Sunbury),09 Feb 26
09 Feb 26,-77.84,Card ending 8723,,CREDIT CARD PURCHASE,Burger Road Sunbury SUNBURY,-5704.92,Restaurants & takeaway,Burger Road (Sunbury),09 Feb 26
09 Feb 26,-784.20,Card ending 8723,,CREDIT CARD PURCHASE,DOCTORS HEALTH FND SYDNEY,-5627.08,Insurance,Doctors Health Fund,09 Feb 26
09 Feb 26,-105.00,Card ending 8723,,CREDIT CARD PURCHASE,BEAUTY AT JNM PTY LTD Sunbury,-4842.88,Personal care,Beauty at JNM,09 Feb 26
06 Feb 26,-5.90,Card ending 8723,,CREDIT CARD PURCHASE,HUME CITY COUNCIL SUNBURY,-4737.88,Travel expenses,Hume City Council (Sunbury Visitor Information Centre),06 Feb 26
06 Feb 26,-2.99,Card ending 6690,,CREDIT CARD PURCHASE,PRIME VIDE* AD FREE FO SYDNEY,-4731.98,Subscriptions,Amazon Prime Video,06 Feb 26
06 Feb 26,-12.00,Card ending 8723,,CREDIT CARD PURCHASE,HUME CITY COUNCIL SUNBURY,-4728.99,Travel expenses,Hume City Council (Sunbury Visitor Information Centre),06 Feb 26
06 Feb 26,-55.41,Card ending 6690,,CREDIT CARD PURCHASE,BRIGHTE CAPITAL SYDNEY,-4716.99,Loans,Brighte,06 Feb 26
05 Feb 26,-4.61,Card ending 8723,,CREDIT CARD PURCHASE,eBay C 02-14175-09809 Sydney,-4661.58,Other shopping,eBay,05 Feb 26
05 Feb 26,-55.00,Card ending 8723,,CREDIT CARD PURCHASE,BULLA HILL RAILWAY BULLA,-4656.97,Uncategorised,,05 Feb 26
05 Feb 26,-153.04,Card ending 8723,,CREDIT CARD PURCHASE,HOLLARD INSURANCE CHATSWOOD,-4601.97,Insurance,Hollard Insurance,05 Feb 26
05 Feb 26,-124.15,Card ending 8723,,CREDIT CARD PURCHASE,HOLLARD INSURANCE CHATSWOOD,-4448.93,Insurance,Hollard Insurance,05 Feb 26
04 Feb 26,-16.66,Card ending 8723,,CREDIT CARD PURCHASE,SQ *KYEDON Sunbury,-4324.78,Other shopping,Square,04 Feb 26
04 Feb 26,-10.00,Card ending 8723,,CREDIT CARD PURCHASE,U GO SUNBURY ALEXANDRIA,-4308.12,Fuel,U-GO (Sunbury),04 Feb 26
04 Feb 26,-100.00,Card ending 8723,,CREDIT CARD PURCHASE,PREMIUM CARWASH SUNBURY,-4298.12,Vehicle expenses,Premium Hand Car Wash,04 Feb 26
04 Feb 26,-178.48,Card ending 8723,,CREDIT CARD PURCHASE,AGL SALES 0308 MELBOURNE,-4198.12,Utilities,AGL,04 Feb 26
04 Feb 26,-148.19,Card ending 8723,,CREDIT CARD PURCHASE,Woolworths Online Bella Vista,-4019.64,Groceries,Woolworths Online,04 Feb 26
03 Feb 26,-29.50,Card ending 8723,,CREDIT CARD PURCHASE,EZI*Hume City Council Craigieburn,-3871.45,Government,Hume City Council (Craigieburn),03 Feb 26
03 Feb 26,-29.10,Card ending 8723,,CREDIT CARD PURCHASE,eBay O*20-14163-42770 Sydney,-3841.95,Other shopping,eBay,03 Feb 26
02 Feb 26,-9.50,Card ending 8723,,CREDIT CARD PURCHASE,Gaffney's Bakery Heathcote,-3812.85,Groceries,Gaffney's Bakery (Heathcote),02 Feb 26
02 Feb 26,-8.65,Card ending 8723,,CREDIT CARD PURCHASE,Zest Kebabs SUNBURY,-3803.35,Restaurants & takeaway,Zest Kebabs (Sunbury),02 Feb 26
02 Feb 26,-37.10,Card ending 8723,,CREDIT CARD PURCHASE,EZI*Hume City Council Craigieburn,-3794.70,Government,Hume City Council (Craigieburn),02 Feb 26
02 Feb 26,-31.88,Card ending 8723,,CREDIT CARD PURCHASE,BALL COURT HOTEL SUNBURY,-3757.60,Restaurants & takeaway,Ball Court Hotel,02 Feb 26
02 Feb 26,-28.99,Card ending 6690,,CREDIT CARD PURCHASE,Netflix.com Melbourne VIC,-3725.72,Subscriptions,Netflix,02 Feb 26
02 Feb 26,-16.99,Card ending 6690,,CREDIT CARD PURCHASE,Google YouTubePremium Barangaroo,-3696.73,Subscriptions,YouTube,02 Feb 26
02 Feb 26,-429.87,Card ending 6690,,CREDIT CARD PURCHASE,Zurich Australia Limited North Sydney,-3679.74,Insurance,Zurich,02 Feb 26
02 Feb 26,-177.12,Card ending 8723,,CREDIT CARD PURCHASE,Woolworths Online Bella Vista,-3249.87,Groceries,Woolworths Online,02 Feb 26
29 Jan 26,-4.49,Card ending 8723,,CREDIT CARD PURCHASE,Google One Barangaroo,-3072.75,Electronics & technology,Google Australia,29 Jan 26
29 Jan 26,-15.36,Card ending 8723,,CREDIT CARD PURCHASE,TICKETS*2026 SALES 0404900312,-3068.26,Attractions & events,Humanitix,29 Jan 26
29 Jan 26,9000.00,Card ending 6690,,CREDIT CARD PAYMENT,INTERNET PAYMENT Linked Acc Trns,-3052.90,Internal transfers,,29 Jan 26
29 Jan 26,-20.12,Card ending 8723,,CREDIT CARD PURCHASE,LINKT MELBOURNE MELBOURNE,-12052.90,Travel expenses,Linkt,29 Jan 26
28 Jan 26,-41.80,Card ending 8723,,CREDIT CARD PURCHASE,MCDONALDS MERIMBULA MERIMBULA,-12032.78,Restaurants & takeaway,McDonald's (Merimbula),28 Jan 26
28 Jan 26,-17.68,Card ending 8723,,CREDIT CARD PURCHASE,TATHRA HOTEL TATHRA,-11990.98,Accommodation,Tathra Hotel,28 Jan 26
28 Jan 26,-184.55,Card ending 8723,,CREDIT CARD PURCHASE,Woolworths Online Bella Vista,-11973.30,Groceries,Woolworths Online,28 Jan 26
28 Jan 26,-64.99,Card ending 8723,,CREDIT CARD PURCHASE,INTERSPORT AUSTRALIA LIMIGardenvale,-11788.75,Clothing & accessories,Intersport,28 Jan 26
28 Jan 26,-61.80,Card ending 8723,,CREDIT CARD PURCHASE,MYBABYCAIRNS.COM.AU WESTCOURT,-11723.76,Uncategorised,,28 Jan 26
28 Jan 26,-9.99,Card ending 6690,,CREDIT CARD PURCHASE,AMZNPRIMEA* AMZNPRIMEA SYDNEY SOUTH,-11661.96,Subscriptions,Amazon Prime Membership,28 Jan 26
28 Jan 26,-16.67,Card ending 8723,,CREDIT CARD PURCHASE,TATHRA HOTEL TATHRA,-11651.97,Accommodation,Tathra Hotel,28 Jan 26
28 Jan 26,-52.52,Card ending 8723,,CREDIT CARD PURCHASE,TATHRA HOTEL TATHRA,-11635.30,Accommodation,Tathra Hotel,28 Jan 26
28 Jan 26,-1.49,Card ending 8723,,CREDIT CARD PURCHASE,APPLE.COM/BILL SYDNEY,-11582.78,Subscriptions,Apple (App Store),28 Jan 26
27 Jan 26,-52.26,Card ending 8723,,CREDIT CARD PURCHASE,WOOLWORTHS/107 MAIN STREEMERIMBULA,-11581.29,Groceries,Woolworths (Merimbula),27 Jan 26
27 Jan 26,-228.78,Card ending 8723,,CREDIT CARD PURCHASE,RIP CURL PROPRIETARY L MERIMBULA,-11529.03,Clothing & accessories,Rip Curl (Merimbula Square),27 Jan 26
27 Jan 26,-221.59,Card ending 8723,,CREDIT CARD PURCHASE,VICROADS RECURRING KEW,-11300.25,Government,VicRoads,27 Jan 26
27 Jan 26,-47.15,Card ending 6690,,CREDIT CARD PURCHASE,SNAP FITNE* SNAP FITNE SUNBURY,-11078.66,Gym & fitness,Snap Fitness (Sunbury),27 Jan 26
27 Jan 26,-10.19,Card ending 8723,,CREDIT CARD PURCHASE,SQ *POTOROO PALACE Yellow Pinch,-11031.51,Attractions & events,Potoroo Palace,27 Jan 26
27 Jan 26,-30.96,Card ending 8723,,CREDIT CARD PURCHASE,SQ *FLEETWOOD COFFEE Merimbula,-11021.32,Cafe & coffee,Fleetwood Coffee,27 Jan 26
27 Jan 26,-31.38,Card ending 8723,,CREDIT CARD PURCHASE,DCO MERIMBULA MERIMBULA,-10990.36,Medical,Direct Chemist Outlet (Merimbula),27 Jan 26
27 Jan 26,-20.20,Card ending 8723,,CREDIT CARD PURCHASE,TOP FUN MERIMBULA Merimbula,-10958.98,Attractions & events,Top Fun,27 Jan 26
27 Jan 26,-20.57,Card ending 6690,,CREDIT CARD PURCHASE,MICROSOFT#G136650222 MSBILL.INFO,-10938.78,Electronics & technology,Microsoft,27 Jan 26
27 Jan 26,-19.23,Card ending 8723,,CREDIT CARD PURCHASE,SMP*TURA BEACH BAKERY 0 TURA BEACH,-10918.21,Groceries,Tura Beach Bakery,27 Jan 26
27 Jan 26,-16.45,Card ending 6690,,CREDIT CARD PURCHASE,Audible Limited AU MELBOURNE,-10898.98,Subscriptions,Audible,27 Jan 26
27 Jan 26,-26.70,Card ending 8723,,CREDIT CARD PURCHASE,UNITED CANN RIVER CANN RIVER,-10882.53,Fuel,United Petroleum (Cann River),27 Jan 26
27 Jan 26,-24.00,Card ending 8723,,CREDIT CARD PURCHASE,LS Bar Beach Kiosk Tura Beach,-10855.83,Cafe & coffee,Bar Beach Kiosk,27 Jan 26
27 Jan 26,-18.30,Card ending 8723,,CREDIT CARD PURCHASE,AMPOL MERIMBULA MERIMBULA,-10831.83,Fuel,Ampol Foodary (Merimbula),27 Jan 26
27 Jan 26,-39.04,Card ending 8723,,CREDIT CARD PURCHASE,WOOLWORTHS/107 MAIN STREEMERIMBULA,-10813.53,Groceries,Woolworths (Merimbula),27 Jan 26
27 Jan 26,-15.00,Card ending 6690,,CREDIT CARD PURCHASE,Delivery Unlimited Sydney,-10774.49,Groceries,Woolworths,27 Jan 26
27 Jan 26,-12.70,Card ending 8723,,CREDIT CARD PURCHASE,SQ *FLEETWOOD COFFEE Merimbula,-10759.49,Cafe & coffee,Fleetwood Coffee,27 Jan 26
23 Jan 26,-20.50,Card ending 8723,,CREDIT CARD PURCHASE,BEGA VALLEY SHIRE COUN PAMBULA BEACH,-10746.79,Government,Bega Valley Shire Council (Pambula Beach),23 Jan 26
23 Jan 26,-55.41,Card ending 6690,,CREDIT CARD PURCHASE,BRIGHTE CAPITAL SYDNEY,-10726.29,Loans,Brighte,23 Jan 26
23 Jan 26,-230.01,Card ending 8723,,CREDIT CARD PURCHASE,Woolworths Online Bella Vista,-10670.88,Groceries,Woolworths Online,23 Jan 26
22 Jan 26,-38.58,Card ending     ,,INTEREST CHARGED,INTEREST ON PURCHASE(S),-10440.87,Fees,,22 Jan 26
21 Jan 26,-31.50,Card ending 8723,,CREDIT CARD PURCHASE,SQ *THE MERIMBULA ICE CREMerimbula,-10402.29,Restaurants & takeaway,Merimbula Ice Creamery,21 Jan 26
21 Jan 26,-87.63,Card ending 8723,,CREDIT CARD PURCHASE,SQ *POTOROO PALACE Yellow Pinch,-10370.79,Attractions & events,Potoroo Palace,21 Jan 26
21 Jan 26,-42.80,Card ending 8723,,CREDIT CARD PURCHASE,SQ *POTOROO PALACE Yellow Pinch,-10283.16,Attractions & events,Potoroo Palace,21 Jan 26
21 Jan 26,-64.80,Card ending 8723,,CREDIT CARD PURCHASE,POST MERIMBULA POST SH MERIMBULA,-10240.36,Services,Australia Post (Merimbula),21 Jan 26
20 Jan 26,-4.00,Card ending 8723,,CREDIT CARD PURCHASE,BP AA CALDER HWY IB 4187 KEILOR NORTH,-10175.56,Fuel,BP (Aa Calder Highway Inbound),20 Jan 26
20 Jan 26,-29.50,Card ending 8723,,CREDIT CARD PURCHASE,EZI*Hume City Council Craigieburn,-10171.56,Government,Hume City Council (Craigieburn),20 Jan 26
20 Jan 26,-49.99,Card ending 8723,,CREDIT CARD PURCHASE,APPLE.COM/BILL SYDNEY,-10142.06,Subscriptions,Apple (App Store),20 Jan 26
19 Jan 26,-23.00,Card ending 8723,,CREDIT CARD PURCHASE,COLES 0648 SUNBURY,-10092.07,Groceries,Coles (Sunbury Square),19 Jan 26
19 Jan 26,-21.20,Card ending 8723,,CREDIT CARD PURCHASE,BUNNINGS 741000 BAIRNSDALE,-10069.07,Home improvements,Bunnings (Bairnsdale),19 Jan 26
19 Jan 26,-223.24,Card ending 8723,,CREDIT CARD PURCHASE,Woolworths Online Bella Vista,-10047.87,Groceries,Woolworths Online,19 Jan 26
19 Jan 26,-10.00,Card ending 8723,,CREDIT CARD PURCHASE,UNITED CANN RIVER CANN RIVER,-9824.63,Fuel,United Petroleum (Cann River),19 Jan 26
19 Jan 26,-178.53,Card ending 8723,,CREDIT CARD PURCHASE,Woolworths Online Bella Vista,-9814.63,Groceries,Woolworths Online,19 Jan 26
19 Jan 26,-37.10,Card ending 8723,,CREDIT CARD PURCHASE,EZI*Hume City Council Craigieburn,-9636.10,Government,Hume City Council (Craigieburn),19 Jan 26
19 Jan 26,-5.80,Card ending 8723,,CREDIT CARD PURCHASE,BUNNINGS 741000 BAIRNSDALE,-9599.00,Home improvements,Bunnings (Bairnsdale),19 Jan 26
19 Jan 26,-20.12,Card ending 8723,,CREDIT CARD PURCHASE,LINKT MELBOURNE MELBOURNE,-9593.20,Travel expenses,Linkt,19 Jan 26
19 Jan 26,-185.00,Card ending 8723,,CREDIT CARD PURCHASE,CANN VALLEY MOTEL CANN RIVER,-9573.08,Accommodation,Cann Valley Motel,19 Jan 26
16 Jan 26,-59.85,Card ending 8723,,CREDIT CARD PURCHASE,LITTLE VILLAGE AUSTRAL SUNBURY,-9388.08,Attractions & events,Little Village Play,16 Jan 26
16 Jan 26,-14.86,Card ending 8723,,CREDIT CARD PURCHASE,LITTLE VILLAGE AUSTRAL SUNBURY,-9328.23,Attractions & events,Little Village Play,16 Jan 26
15 Jan 26,-5.28,Card ending 8723,,CREDIT CARD PURCHASE,EasyPark PRAHRAN,-9313.37,Parking & tolls,EasyPark,15 Jan 26
15 Jan 26,-14.58,Card ending 8723,,CREDIT CARD PURCHASE,BUNNINGS 395000 SUNBURY,-9308.09,Home improvements,Bunnings (Sunbury),15 Jan 26
15 Jan 26,-4.99,Card ending 6690,,CREDIT CARD PURCHASE,Google Sky News Austr Barangaroo,-9293.51,Electronics & technology,Google Australia,15 Jan 26
15 Jan 26,-126.43,Card ending 8723,,CREDIT CARD PURCHASE,AGL SALES 0308 MELBOURNE,-9288.52,Utilities,AGL,15 Jan 26
14 Jan 26,-125.00,Card ending 8723,,CREDIT CARD PURCHASE,TARGET Williams Land,-9162.09,Other shopping,Target,14 Jan 26
14 Jan 26,-25.89,Card ending 8723,,CREDIT CARD PURCHASE,Healthsmart Pharmacy Parkville,-9037.09,Medical,HealthSmart Pharmacy (Melbourne),14 Jan 26
14 Jan 26,-203.00,Card ending 8723,,CREDIT CARD PURCHASE,TARGET 5226 SUNBURY,-9011.20,Other shopping,Target (Sunbury),14 Jan 26
14 Jan 26,-5.00,Card ending 8723,,CREDIT CARD PURCHASE,HUME CITY COUNCIL SUNBURY,-8808.20,Travel expenses,Hume City Council (Sunbury Visitor Information Centre),14 Jan 26
14 Jan 26,-18.99,Card ending 8723,,CREDIT CARD PURCHASE,APPLE.COM/BILL SYDNEY,-8803.20,Subscriptions,Apple (App Store),14 Jan 26
13 Jan 26,-3.50,Card ending 8723,,CREDIT CARD PURCHASE,7-ELEVEN 1161 SUNBURY,-8784.21,Fuel,7-Eleven (Sunbury),13 Jan 26
13 Jan 26,114.46,Card ending 8723,,CREDIT CARD REFUND,Woolworths Online Bella Vista,-8780.71,Refund,Woolworths Online,13 Jan 26
13 Jan 26,-107.46,Card ending 8723,,CREDIT CARD PURCHASE,Woolworths Online Bella Vista,-8895.17,Groceries,Woolworths Online,13 Jan 26
13 Jan 26,-320.44,Card ending 8723,,CREDIT CARD PURCHASE,CHEMIST WAREHOUSE SUNBURY,-8787.71,Medical,Chemist Warehouse (Sunbury),13 Jan 26
13 Jan 26,-114.46,Card ending 8723,,CREDIT CARD PURCHASE,Woolworths Online Bella Vista,-8467.27,Groceries,Woolworths Online,13 Jan 26
13 Jan 26,-47.15,Card ending 6690,,CREDIT CARD PURCHASE,SNAP FITNE* SNAP FITNE SUNBURY,-8352.81,Gym & fitness,Snap Fitness (Sunbury),13 Jan 26
12 Jan 26,-19.99,Card ending 8723,,CREDIT CARD PURCHASE,JANAGROM NOMINEES PTY SUNBURY,-8305.66,Groceries,Morgans SUPA IGA (Sunbury),12 Jan 26
12 Jan 26,-9.99,Card ending 8723,,CREDIT CARD PURCHASE,APPLE.COM/BILL SYDNEY,-8285.67,Subscriptions,Apple (App Store),12 Jan 26
12 Jan 26,-85.00,Card ending 6690,,CREDIT CARD PURCHASE,TELSTRA SERVICES MELBOURNE,-8275.68,Phone & internet,Telstra,12 Jan 26
12 Jan 26,-170.73,Card ending 8723,,CREDIT CARD PURCHASE,MYER HIGHPOINT MARIBYRNONG,-8190.68,Other shopping,Myer (Highpoint),12 Jan 26
12 Jan 26,-27.90,Card ending 8723,,CREDIT CARD PURCHASE,HSP VIC NO. 1 PTY LTD BUNDOORA,-8019.95,Medical,HPS Pharmacies (Northpark Private Hospital),12 Jan 26
12 Jan 26,-46.00,Card ending 8723,,CREDIT CARD PURCHASE,CHARM THAI THERAPY PTY SUNBURY,-7992.05,Personal care,Charm Thai Therapy,12 Jan 26
09 Jan 26,-0.15,Card ending     ,,FEES,NAB INTNL TRAN FEE - (SC),-7946.05,Fees,,09 Jan 26
09 Jan 26,-55.41,Card ending 6690,,CREDIT CARD PURCHASE,BRIGHTE CAPITAL SYDNEY,-7945.90,Loans,Brighte,09 Jan 26
09 Jan 26,-14.95,Card ending 6690,,CREDIT CARD PURCHASE,POCKETSMITH DUNEDIN,-7890.49,Uncategorised,,09 Jan 26
09 Jan 26,-157.56,Card ending 8723,,CREDIT CARD PURCHASE,Woolworths Online Bella Vista,-7875.54,Groceries,Woolworths Online,09 Jan 26
08 Jan 26,-50.75,Card ending 8723,,CREDIT CARD PURCHASE,KELLY MINI SPORTS BRUNSWICK WES,-7717.98,Gym & fitness,Kelly Mini Sports,08 Jan 26
08 Jan 26,-278.48,Card ending 8723,,CREDIT CARD PURCHASE,AGL SALES 0308 MELBOURNE,-7667.23,Utilities,AGL,08 Jan 26
08 Jan 26,-20.12,Card ending 8723,,CREDIT CARD PURCHASE,LINKT MELBOURNE MELBOURNE,-7388.75,Travel expenses,Linkt,08 Jan 26
07 Jan 26,-164.04,Card ending 8723,,CREDIT CARD PURCHASE,Woolworths Online Bella Vista,-7368.63,Groceries,Woolworths Online,07 Jan 26
07 Jan 26,-124.15,Card ending 8723,,CREDIT CARD PURCHASE,HOLLARD INSURANCE CHATSWOOD,-7204.59,Insurance,Hollard Insurance,07 Jan 26
07 Jan 26,-153.04,Card ending 8723,,CREDIT CARD PURCHASE,HOLLARD INSURANCE CHATSWOOD,-7080.44,Insurance,Hollard Insurance,07 Jan 26
07 Jan 26,-6.29,Card ending 8723,,CREDIT CARD PURCHASE,SWEETS N TREATS VENDIN HIGHETT,-6927.40,Groceries,Sweets 'N Treats Vending,07 Jan 26
07 Jan 26,-784.20,Card ending 8723,,CREDIT CARD PURCHASE,DOCTORS HEALTH FND SYDNEY,-6921.11,Insurance,Doctors Health Fund,07 Jan 26
06 Jan 26,-21.99,Card ending 8723,,CREDIT CARD PURCHASE,CHEMIST WAREHOUSE SUNBURY,-6136.91,Medical,Chemist Warehouse (Sunbury),06 Jan 26
06 Jan 26,-2.99,Card ending 6690,,CREDIT CARD PURCHASE,PRIME VIDE* AD FREE FO SYDNEY,-6114.92,Subscriptions,Amazon Prime Video,06 Jan 26
06 Jan 26,-36.00,Card ending 8723,,CREDIT CARD PURCHASE,READING CINEMAS SUNBURY SUNBURY,-6111.93,Attractions & events,Reading Cinemas (Sunbury),06 Jan 26
06 Jan 26,-20.99,Card ending 6690,,CREDIT CARD PURCHASE,Netflix.com Melbourne VIC,-6075.93,Subscriptions,Netflix,06 Jan 26
05 Jan 26,-9.99,Card ending 8723,,CREDIT CARD PURCHASE,APPLE.COM/BILL SYDNEY,-6054.94,Subscriptions,Apple (App Store),05 Jan 26
05 Jan 26,-209.99,Card ending 8723,,CREDIT CARD PURCHASE,Google Disney Barangaroo,-6044.95,Electronics & technology,Google Australia,05 Jan 26
05 Jan 26,-8.44,Card ending 8723,,CREDIT CARD PURCHASE,EasyPark PRAHRAN,-5834.96,Parking & tolls,EasyPark,05 Jan 26
05 Jan 26,-119.86,Card ending 8723,,CREDIT CARD PURCHASE,BUNNINGS 395000 SUNBURY,-5826.52,Home improvements,Bunnings (Sunbury),05 Jan 26
05 Jan 26,-37.10,Card ending 8723,,CREDIT CARD PURCHASE,EZI*Hume City Council Craigieburn,-5706.66,Government,Hume City Council (Craigieburn),05 Jan 26
05 Jan 26,-20.12,Card ending 8723,,CREDIT CARD PURCHASE,LINKT MELBOURNE MELBOURNE,-5669.56,Travel expenses,Linkt,05 Jan 26
05 Jan 26,-13.50,Card ending 8723,,CREDIT CARD PURCHASE,7-ELEVEN 1161 SUNBURY,-5649.44,Fuel,7-Eleven (Sunbury),05 Jan 26
05 Jan 26,-98.29,Card ending 8723,,CREDIT CARD PURCHASE,WWW.VICSFOODANDWINE.CO SUNBURY,-5635.94,Restaurants & takeaway,Vics Food & Wine,05 Jan 26
05 Jan 26,-15.00,Card ending 8723,,CREDIT CARD PURCHASE,BUNNINGS 395000 SUNBURY,-5537.65,Home improvements,Bunnings (Sunbury),05 Jan 26
05 Jan 26,-7.39,Card ending 8723,,CREDIT CARD PURCHASE,RIDDELLS CREEK SUPER RIDDELLS CREE,-5522.65,Groceries,Foodworks (Riddells Creek),05 Jan 26
05 Jan 26,-169.38,Card ending 8723,,CREDIT CARD PURCHASE,Woolworths Online Bella Vista,-5515.26,Groceries,Woolworths Online,05 Jan 26
02 Jan 26,-64.67,Card ending 8723,,CREDIT CARD PURCHASE,BALL COURT HOTEL SUNBURY,-5345.88,Restaurants & takeaway,Ball Court Hotel,02 Jan 26
02 Jan 26,-429.87,Card ending 6690,,CREDIT CARD PURCHASE,Zurich Australia Limited North Sydney,-5281.21,Insurance,Zurich,02 Jan 26
02 Jan 26,-11.00,Card ending 8723,,CREDIT CARD PURCHASE,HUME CITY COUNCIL SUNBURY,-4851.34,Travel expenses,Hume City Council (Sunbury Visitor Information Centre),02 Jan 26
02 Jan 26,-1239.00,Card ending 8723,,CREDIT CARD PURCHASE,SP EARLY SETTLER AUSTR KEYSBOROUGH,-4840.34,Attractions & events,Early Settler (Fountain Gate - Head Office),02 Jan 26
02 Jan 26,-23.28,Card ending 8723,,CREDIT CARD PURCHASE,BALL COURT HOTEL SUNBURY,-3601.34,Restaurants & takeaway,Ball Court Hotel,02 Jan 26
02 Jan 26,-118.00,Card ending 8723,,CREDIT CARD PURCHASE,Zoos Victoria zoo.org.au,-3578.06,Attractions & events,Zoos Victoria,02 Jan 26
02 Jan 26,-31.88,Card ending 8723,,CREDIT CARD PURCHASE,BALL COURT HOTEL SUNBURY,-3460.06,Restaurants & takeaway,Ball Court Hotel,02 Jan 26
02 Jan 26,2000.00,Card ending 6690,,CREDIT CARD PAYMENT,INTERNET PAYMENT Linked Acc Trns,-3428.18,Internal transfers,,02 Jan 26
31 Dec 25,-16.99,Card ending 6690,,CREDIT CARD PURCHASE,Google YouTubePremium Barangaroo,-5428.18,Subscriptions,YouTube,31 Dec 25
30 Dec 25,-276.86,Card ending 8723,,CREDIT CARD PURCHASE,SP DECJUBA CREMORNE,-5411.19,Clothing & accessories,Decjuba,30 Dec 25
30 Dec 25,-2.49,Card ending 8723,,CREDIT CARD PURCHASE,CHEMIST WAREHOUSE SUNBURY,-5134.33,Medical,Chemist Warehouse (Sunbury),30 Dec 25
30 Dec 25,-47.15,Card ending 6690,,CREDIT CARD PURCHASE,SNAP FITNE* SNAP FITNE SUNBURY,-5131.84,Gym & fitness,Snap Fitness (Sunbury),30 Dec 25
30 Dec 25,-280.00,Card ending 8723,,CREDIT CARD PURCHASE,Lululemon Athletica OnlinAlbert Park,-5084.69,Clothing & accessories,Lululemon Athletica (Emporium Melbourne),30 Dec 25
30 Dec 25,-78.96,Card ending 8723,,CREDIT CARD PURCHASE,CHEMIST WAREHOUSE SUNBURY,-4804.69,Medical,Chemist Warehouse (Sunbury),30 Dec 25
29 Dec 25,-4.49,Card ending 8723,,CREDIT CARD PURCHASE,Google One Barangaroo,-4725.73,Electronics & technology,Google Australia,29 Dec 25
29 Dec 25,-556.50,Card ending 8723,,CREDIT CARD PURCHASE,DECJUBA WATERGARDENS TAYLORS LAKES,-4721.24,Clothing & accessories,Decjuba (Watergardens Town Centre),29 Dec 25
29 Dec 25,-7.00,Card ending 8723,,CREDIT CARD PURCHASE,7-ELEVEN 1161 SUNBURY,-4164.74,Fuel,7-Eleven (Sunbury),29 Dec 25
29 Dec 25,-9.99,Card ending 6690,,CREDIT CARD PURCHASE,AMZNPRIMEA* AMZNPRIMEA SYDNEY SOUTH,-4157.74,Subscriptions,Amazon Prime Membership,29 Dec 25
29 Dec 25,-118.00,Card ending 8723,,CREDIT CARD PURCHASE,Mecca Brands Pty Ltd Richmond,-4147.75,Personal care,Mecca,29 Dec 25
29 Dec 25,-44.98,Card ending 8723,,CREDIT CARD PURCHASE,Harli Harpa Brimbank,-4029.75,Clothing & accessories,HARLI & HARPA (Watergardens),29 Dec 25
29 Dec 25,-55.41,Card ending 6690,,CREDIT CARD PURCHASE,BRIGHTE CAPITAL SYDNEY,-3984.77,Loans,Brighte,29 Dec 25
29 Dec 25,-1.49,Card ending 8723,,CREDIT CARD PURCHASE,APPLE.COM/BILL SYDNEY,-3929.36,Subscriptions,Apple (App Store),29 Dec 25
29 Dec 25,-15.00,Card ending 6690,,CREDIT CARD PURCHASE,Delivery Unlimited BellaVista,-3927.87,Groceries,Woolworths,29 Dec 25
29 Dec 25,-34.95,Card ending 8723,,CREDIT CARD PURCHASE,PLINE PH WATERGARDENS TAYLORS LAKES,-3912.87,Medical,Priceline Pharmacy (Watergardens),29 Dec 25
29 Dec 25,-16.45,Card ending 6690,,CREDIT CARD PURCHASE,Audible Limited AU MELBOURNE,-3877.92,Subscriptions,Audible,29 Dec 25
29 Dec 25,-220.64,Card ending 8723,,CREDIT CARD PURCHASE,Woolworths Online BellaVista,-3861.47,Groceries,Woolworths Online,29 Dec 25
29 Dec 25,-111.77,Card ending 8723,,CREDIT CARD PURCHASE,NEXTRA SUNBURY SUNBURY,-3640.83,Media,Nextra (Sunbury),29 Dec 25
29 Dec 25,-20.12,Card ending 8723,,CREDIT CARD PURCHASE,LINKT MELBOURNE MELBOURNE,-3529.06,Travel expenses,Linkt,29 Dec 25
24 Dec 25,-20.57,Card ending 6690,,CREDIT CARD PURCHASE,Microsoft-G131109717 Sydney,-3508.94,Electronics & technology,Microsoft,24 Dec 25
24 Dec 25,-110.44,Card ending 8723,,CREDIT CARD PURCHASE,DECJUBA WATERGARDENS TAYLORS LAKES,-3488.37,Clothing & accessories,Decjuba (Watergardens Town Centre),24 Dec 25
24 Dec 25,-4.70,Card ending 8723,,CREDIT CARD PURCHASE,FOODWORKS GRANTVILLE GRANTVILLE,-3377.93,Groceries,Foodworks (Grantville),24 Dec 25
23 Dec 25,-20.12,Card ending 8723,,CREDIT CARD PURCHASE,LINKT MELBOURNE MELBOURNE,-3373.23,Travel expenses,Linkt,23 Dec 25
22 Dec 25,-18.30,Card ending 8723,,CREDIT CARD PURCHASE,Adventure Park Geelong WALLINGTON,-3353.11,Attractions & events,Adventure Park,22 Dec 25
22 Dec 25,-176.55,Card ending 8723,,CREDIT CARD PURCHASE,Woolworths Online BellaVista,-3334.81,Groceries,Woolworths Online,22 Dec 25
22 Dec 25,-16.00,Card ending 8723,,CREDIT CARD PURCHASE,Adventure Park Geelong WALLINGTON,-3158.26,Attractions & events,Adventure Park,22 Dec 25
22 Dec 25,-36.00,Card ending 8723,,CREDIT CARD PURCHASE,Adventure Park Geelong WALLINGTON,-3142.26,Attractions & events,Adventure Park,22 Dec 25
22 Dec 25,-24.94,Card ending 8723,,CREDIT CARD PURCHASE,MoPA Geelong Geelong,-3106.26,Attractions & events,Museum of Play & Art (Geelong),22 Dec 25
22 Dec 25,-37.10,Card ending 8723,,CREDIT CARD PURCHASE,EZI*Hume City Council Craigieburn,-3081.32,Government,Hume City Council (Craigieburn),22 Dec 25
19 Dec 25,-10.00,Card ending 8723,,CREDIT CARD PURCHASE,BARWON RIVER HOLIDAY PARKBELMONT,-3044.22,Accommodation,Barwon River Holiday Park,19 Dec 25
19 Dec 25,5.63,Card ending 6690,,CREDIT CARD REFUND,BRIGHTE CAPITAL SYDNEY,-3034.22,Other income,Brighte,19 Dec 25
19 Dec 25,-4.00,Card ending 8723,,CREDIT CARD PURCHASE,HUME CITY COUNCIL SUNBURY,-3039.85,Travel expenses,Hume City Council (Sunbury Visitor Information Centre),19 Dec 25
19 Dec 25,-17.50,Card ending 8723,,CREDIT CARD PURCHASE,HUME CITY COUNCIL SUNBURY,-3035.85,Travel expenses,Hume City Council (Sunbury Visitor Information Centre),19 Dec 25
19 Dec 25,-397.63,Card ending 8723,,CREDIT CARD PURCHASE,YOUI - PREMIUM SIPPY DOWNS,-3018.35,Insurance,Youi,19 Dec 25
19 Dec 25,5.63,Card ending 6690,,CREDIT CARD REFUND,BRIGHTE CAPITAL SYDNEY,-2620.72,Other income,Brighte,19 Dec 25
18 Dec 25,-55.55,Card ending 8723,,CREDIT CARD PURCHASE,S Y R PTY LTD SUNBURY,-2626.35,Groceries,Batman Express,18 Dec 25
17 Dec 25,1000.00,Card ending 6690,,CREDIT CARD PAYMENT,INTERNET PAYMENT Linked Acc Trns,-2570.80,Internal transfers,,17 Dec 25
17 Dec 25,-20.12,Card ending 8723,,CREDIT CARD PURCHASE,LINKT MELBOURNE MELBOURNE,-3570.80,Travel expenses,Linkt,17 Dec 25
17 Dec 25,-25.25,Card ending 8723,,CREDIT CARD PURCHASE,S Y R PTY LTD SUNBURY,-3550.68,Groceries,Batman Express,17 Dec 25
16 Dec 25,-895.50,Card ending 8723,,CREDIT CARD PURCHASE,NOONE IMAGEWEAR NIDDRIE,-3525.43,Clothing & accessories,Noone Imagewear,16 Dec 25
16 Dec 25,-47.15,Card ending 6690,,CREDIT CARD PURCHASE,SNAP FITNE* SNAP FITNE SUNBURY,-2629.93,Gym & fitness,Snap Fitness (Sunbury),16 Dec 25
15 Dec 25,-19.32,Card ending 8723,,CREDIT CARD PURCHASE,AIRPORT ICE CREAM & KEBABGREENVALE,-2582.78,Restaurants & takeaway,Airport Ice Cream,15 Dec 25
15 Dec 25,-156.24,Card ending 8723,,CREDIT CARD PURCHASE,AGL SALES 0308 MELBOURNE,-2563.46,Utilities,AGL,15 Dec 25
15 Dec 25,-290.98,Card ending 8723,,CREDIT CARD PURCHASE,Woolworths Online BellaVista,-2407.22,Groceries,Woolworths Online,15 Dec 25
15 Dec 25,-25.48,Card ending 8723,,CREDIT CARD PURCHASE,SQ *FIORAMONTE BAKERY & FSunbury,-2116.24,Groceries,Square,15 Dec 25
15 Dec 25,-87.60,Card ending 8723,,CREDIT CARD PURCHASE,BRIGHTSTARK 01300668997,-2090.76,Other shopping,Bright Star Kids,15 Dec 25
15 Dec 25,-95.67,Card ending 8723,,CREDIT CARD PURCHASE,SP CREATIVE KIDS LAB SOUTH TURRAMU,-2003.16,Hobbies,Creative Kids Lab,15 Dec 25
15 Dec 25,-59.50,Card ending 8723,,CREDIT CARD PURCHASE,PHILLIPISLAND NATUREPARKSCOWES,-1907.49,Attractions & events,Phillip Island Nature Park (Cowes),15 Dec 25
15 Dec 25,-4.99,Card ending 6690,,CREDIT CARD PURCHASE,Google Sky News Austr Barangaroo,-1847.99,Electronics & technology,Google Australia,15 Dec 25
12 Dec 25,-25.00,Card ending 8723,,CREDIT CARD PURCHASE,HUME CITY COUNCIL SUNBURY,-1843.00,Travel expenses,Hume City Council (Sunbury Visitor Information Centre),12 Dec 25
12 Dec 25,-55.41,Card ending 6690,,CREDIT CARD PURCHASE,BRIGHTE CAPITAL SYDNEY,-1818.00,Loans,Brighte,12 Dec 25
12 Dec 25,-2.00,Card ending 8723,,CREDIT CARD PURCHASE,HUME CITY COUNCIL SUNBURY,-1762.59,Travel expenses,Hume City Council (Sunbury Visitor Information Centre),12 Dec 25
11 Dec 25,-85.00,Card ending 6690,,CREDIT CARD PURCHASE,TELSTRA SERVICES MELBOURNE,-1760.59,Phone & internet,Telstra,11 Dec 25
11 Dec 25,-80.00,Card ending 8723,,CREDIT CARD PURCHASE,REWIRED HAND THERAPY SUNBURY,-1675.59,Medical,Re-Wired Hand Therapy (Sunbury),11 Dec 25
10 Dec 25,-0.15,Card ending     ,,FEES,NAB INTNL TRAN FEE - (SC),-1595.59,Fees,,10 Dec 25
10 Dec 25,-14.95,Card ending 6690,,CREDIT CARD PURCHASE,POCKETSMITH DUNEDIN,-1595.44,Uncategorised,,10 Dec 25
10 Dec 25,-127.73,Card ending 8723,,CREDIT CARD PURCHASE,Woolworths Online BellaVista,-1580.49,Groceries,Woolworths Online,10 Dec 25
09 Dec 25,-784.20,Card ending 8723,,CREDIT CARD PURCHASE,DOCTORS HEALTH FND SYDNEY,-1452.76,Insurance,Doctors Health Fund,09 Dec 25
09 Dec 25,-16.27,Card ending 8723,,CREDIT CARD PURCHASE,CHEMIST WAREHOUSE SUNBURY,-668.56,Medical,Chemist Warehouse (Sunbury),09 Dec 25
08 Dec 25,-37.10,Card ending 8723,,CREDIT CARD PURCHASE,EZI*Hume City Council Craigieburn,-652.29,Government,Hume City Council (Craigieburn),08 Dec 25
08 Dec 25,-0.71,Card ending     ,,FEES,NAB INTNL TRAN FEE - (SC),-615.19,Fees,,08 Dec 25
08 Dec 25,-20.99,Card ending 6690,,CREDIT CARD PURCHASE,Netflix.com Melbourne VIC,-614.48,Subscriptions,Netflix,08 Dec 25
08 Dec 25,-71.00,Card ending 8723,,CREDIT CARD PURCHASE,SP MADE OF TOMORROW AUCKLAND,-593.49,Uncategorised,,08 Dec 25
08 Dec 25,-2.99,Card ending 6690,,CREDIT CARD PURCHASE,AD FREE FOR PRIMEVIDEO SYDNEY,-522.49,Subscriptions,Amazon Prime Video,08 Dec 25
08 Dec 25,-102.11,Card ending 8723,,CREDIT CARD PURCHASE,CHARM THAI THERAPY PTY SUNBURY,-519.50,Personal care,Charm Thai Therapy,08 Dec 25
05 Dec 25,-172.45,Card ending 8723,,CREDIT CARD PURCHASE,Woolworths Online BellaVista,-417.39,Groceries,Woolworths Online,05 Dec 25
05 Dec 25,-3.00,Card ending 8723,,CREDIT CARD PURCHASE,7-ELEVEN 1161 SUNBURY,-244.94,Fuel,7-Eleven (Sunbury),05 Dec 25
05 Dec 25,-23.35,Card ending 8723,,CREDIT CARD PURCHASE,7-ELEVEN 1161 SUNBURY,-241.94,Fuel,7-Eleven (Sunbury),05 Dec 25
04 Dec 25,-124.15,Card ending 8723,,CREDIT CARD PURCHASE,HOLLARD INSURANCE CHATSWOOD,-218.59,Insurance,Hollard Insurance,04 Dec 25
04 Dec 25,-3.24,Card ending     ,,FEES,NAB INTNL TRAN FEE - (SC),-94.44,Fees,,04 Dec 25
04 Dec 25,-9.99,Card ending 8723,,CREDIT CARD PURCHASE,APPLE.COM/BILL SYDNEY,-91.20,Subscriptions,Apple (App Store),04 Dec 25
04 Dec 25,-153.04,Card ending 8723,,CREDIT CARD PURCHASE,HOLLARD INSURANCE CHATSWOOD,-81.21,Insurance,Hollard Insurance,04 Dec 25
04 Dec 25,-105.75,Card ending 8723,,CREDIT CARD PURCHASE,BIG W/HORNE STREET SUNBURY,71.83,Other shopping,BIG W (Sunbury),04 Dec 25
04 Dec 25,-323.52,Card ending 8723,,CREDIT CARD PURCHASE,SP HUME HEALTH HUMEHEALTH.CODE,177.58,Uncategorised,,04 Dec 25
04 Dec 25,-266.81,Card ending 8723,,CREDIT CARD PURCHASE,AGL SALES 0308 MELBOURNE,501.10,Utilities,AGL,04 Dec 25
04 Dec 25,-99.61,Card ending 8723,,CREDIT CARD PURCHASE,CHEMIST WAREHOUSE GISBORNE,767.91,Medical,Chemist Warehouse (Gisborne Village),04 Dec 25
03 Dec 25,-80.00,Card ending 8723,,CREDIT CARD PURCHASE,REWIRED HAND THERAPY SUNBURY,867.52,Medical,Re-Wired Hand Therapy (Sunbury),03 Dec 25
03 Dec 25,323.52,Card ending 6690,,CREDIT CARD PAYMENT,INTERNET PAYMENT Linked Acc Trns,947.52,Internal transfers,,03 Dec 25
03 Dec 25,3490.79,Card ending 6690,,CREDIT CARD PAYMENT,INTERNET PAYMENT Linked Acc Trns,624.00,Internal transfers,,03 Dec 25
02 Dec 25,-47.15,Card ending 6690,,CREDIT CARD PURCHASE,SNAP FITNE* SNAP FITNE SUNBURY,-2866.79,Gym & fitness,Snap Fitness (Sunbury),02 Dec 25
01 Dec 25,-350.00,Card ending 8723,,CREDIT CARD PURCHASE,TELSTRA PREPAID MELBOURNE,-2819.64,Phone & internet,Telstra Prepaid,01 Dec 25
01 Dec 25,-50.35,Card ending 8723,,CREDIT CARD PURCHASE,FLEXISCHOOLS*ACC TOPUP 1300361769,-2469.64,Education,Flexischools,01 Dec 25
01 Dec 25,-17.85,Card ending 8723,,CREDIT CARD PURCHASE,MCDONALDS GISBORNE GISBORNE SOUT,-2419.29,Restaurants & takeaway,McDonald's (Gisborne),01 Dec 25
01 Dec 25,-4.49,Card ending 8723,,CREDIT CARD PURCHASE,Google One Barangaroo,-2401.44,Electronics & technology,Google Australia,01 Dec 25
01 Dec 25,-114.16,Card ending 8723,,CREDIT CARD PURCHASE,BALL COURT HOTEL SUNBURY,-2396.95,Restaurants & takeaway,Ball Court Hotel,01 Dec 25
01 Dec 25,-429.87,Card ending 6690,,CREDIT CARD PURCHASE,Zurich Australia Limited North Sydney,-2282.79,Insurance,Zurich,01 Dec 25
01 Dec 25,-245.60,Card ending 8723,,CREDIT CARD PURCHASE,Woolworths Online BellaVista,-1852.92,Groceries,Woolworths Online,01 Dec 25
01 Dec 25,-16.99,Card ending 6690,,CREDIT CARD PURCHASE,Google YouTubePremium Barangaroo,-1607.32,Subscriptions,YouTube,01 Dec 25
28 Nov 25,-214.22,Card ending 8723,,CREDIT CARD PURCHASE,Woolworths Online BellaVista,-1590.33,Groceries,Woolworths Online,28 Nov 25
28 Nov 25,-9.99,Card ending 6690,,CREDIT CARD PURCHASE,AMZNPRIMEAU MEMBERSHIP SYDNEY SOUTH,-1376.11,Subscriptions,Amazon Prime Membership,28 Nov 25
28 Nov 25,-55.41,Card ending 6690,,CREDIT CARD PURCHASE,BRIGHTE CAPITAL SYDNEY,-1366.12,Loans,Brighte,28 Nov 25
28 Nov 25,-1.49,Card ending 8723,,CREDIT CARD PURCHASE,APPLE.COM/BILL SYDNEY,-1310.71,Subscriptions,Apple (App Store),28 Nov 25
27 Nov 25,-184.00,Card ending 8723,,CREDIT CARD PURCHASE,BUNNINGS 395000 SUNBURY,-1309.22,Home improvements,Bunnings (Sunbury),27 Nov 25
27 Nov 25,-16.45,Card ending 6690,,CREDIT CARD PURCHASE,Audible Limited AU MELBOURNE,-1125.22,Subscriptions,Audible,27 Nov 25
26 Nov 25,-80.00,Card ending 8723,,CREDIT CARD PURCHASE,REWIRED HAND THERAPY SUNBURY,-1108.77,Medical,Re-Wired Hand Therapy (Sunbury),26 Nov 25
26 Nov 25,-66.00,Card ending 8723,,CREDIT CARD PURCHASE,BIG W/HORNE STREET SUNBURY,-1028.77,Other shopping,BIG W (Sunbury),26 Nov 25
26 Nov 25,-29.00,Card ending 8723,,CREDIT CARD PURCHASE,BIG W/HORNE STREET SUNBURY,-962.77,Other shopping,BIG W (Sunbury),26 Nov 25
26 Nov 25,-41.80,Card ending 8723,,CREDIT CARD PURCHASE,WOOLWORTHS/25-47 HORNE STSUNBURY,-933.77,Groceries,Woolworths (Sunbury),26 Nov 25
26 Nov 25,-15.00,Card ending 6690,,CREDIT CARD PURCHASE,Delivery Unlimited BellaVista,-891.97,Groceries,Woolworths,26 Nov 25
25 Nov 25,-90.00,Card ending 8723,,CREDIT CARD PURCHASE,EZI*JOHN TRAVERS PHOTO Ringwood,-876.97,Other shopping,EziDebit,25 Nov 25
25 Nov 25,-58.01,Card ending 8723,,CREDIT CARD PURCHASE,The Curve Thai RestaurantSydney,-786.97,Uncategorised,,25 Nov 25
25 Nov 25,-46.98,Card ending 8723,,CREDIT CARD PURCHASE,CHEMIST WAREHOUSE NEWCASTLE,-728.96,Medical,Chemist Warehouse Newcastle,25 Nov 25
24 Nov 25,-33.19,Card ending 8723,,CREDIT CARD PURCHASE,Menulog Pty Ltd Sydney,-681.98,Restaurants & takeaway,Menulog,24 Nov 25
24 Nov 25,13000.00,Card ending 6690,,CREDIT CARD PAYMENT,INTERNET PAYMENT flights,-648.79,Internal transfers,,24 Nov 25
24 Nov 25,-20.57,Card ending 6690,,CREDIT CARD PURCHASE,Microsoft-G125597803 Sydney,-13648.79,Electronics & technology,Microsoft,24 Nov 25
24 Nov 25,-151.00,Card ending 8723,,CREDIT CARD PURCHASE,STOMP WINEMAKING & CON LOVEDALE,-13628.22,Alcohol,Stomp Wines,24 Nov 25
24 Nov 25,-8.20,Card ending 8723,,CREDIT CARD PURCHASE,SQ *KERRIE KELLY Pokolbin,-13477.22,Other shopping,Square,24 Nov 25
24 Nov 25,-43.00,Card ending 8723,,CREDIT CARD PURCHASE,CESSNOCK CITY COUNCI POKOLBIN,-13469.02,Travel expenses,Hunter Valley Visitor Information Centre,24 Nov 25
24 Nov 25,-108.48,Card ending 8723,,CREDIT CARD PURCHASE,Myer Pty Ltd Docklands,-13426.02,Other shopping,Myer,24 Nov 25
24 Nov 25,-47.54,Card ending 8723,,CREDIT CARD PURCHASE,JETSTAR AIR HNF7YJ WWW.JETSTAR.C,-13317.54,Flights,Jetstar,24 Nov 25
24 Nov 25,-30.00,Card ending 8723,,CREDIT CARD PURCHASE,SQ *POWER OF THE BEE Pokolbin,-13270.00,Other shopping,Square,24 Nov 25
24 Nov 25,-89.00,Card ending 8723,,CREDIT CARD PURCHASE,SQ *JIMMY JOANS Lovedale,-13240.00,Restaurants & takeaway,Jimmy Joans,24 Nov 25
24 Nov 25,-369.85,Card ending 8723,,CREDIT CARD PURCHASE,BIGW ONLINE BELLA VISTA,-13151.00,Other shopping,BIG W,24 Nov 25
24 Nov 25,-37.10,Card ending 8723,,CREDIT CARD PURCHASE,EZI*Hume City Council Craigieburn,-12781.15,Government,Hume City Council (Craigieburn),24 Nov 25
24 Nov 25,-8.05,Card ending 8723,,CREDIT CARD PURCHASE,COLES 0993 NEWCASTLE W,-12744.05,Groceries,Coles (Marketown Shopping Centre),24 Nov 25
24 Nov 25,40.60,Card ending 8723,,CREDIT CARD REFUND,BIGW ONLINE BELLA VISTA,-12736.00,Refund,BIG W,24 Nov 25
21 Nov 25,-2461.71,Card ending 8723,,CREDIT CARD PURCHASE,QANTAS AIRW MASCOT,-12776.60,Flights,Qantas,21 Nov 25
21 Nov 25,-55.00,Card ending 8723,,CREDIT CARD PURCHASE,QANTAS AIRW MASCOT,-10314.89,Flights,Qantas,21 Nov 25
21 Nov 25,-1874.15,Card ending 8723,,CREDIT CARD PURCHASE,QANTAS AIRW MASCOT,-10259.89,Flights,Qantas,21 Nov 25
21 Nov 25,-55.00,Card ending 8723,,CREDIT CARD PURCHASE,QANTAS AIRW MASCOT,-8385.74,Flights,Qantas,21 Nov 25
21 Nov 25,-55.00,Card ending 8723,,CREDIT CARD PURCHASE,QANTAS AIRW MASCOT,-8330.74,Flights,Qantas,21 Nov 25
21 Nov 25,-17.48,Card ending 8723,,CREDIT CARD PURCHASE,EG GROUP/67 GAP ROAD SUNBURY,-8275.74,Fuel,EG Group (Gap Rd Sunbury),21 Nov 25
21 Nov 25,-2461.71,Card ending 8723,,CREDIT CARD PURCHASE,QANTAS AIRW MASCOT,-8258.26,Flights,Qantas,21 Nov 25
21 Nov 25,-1874.15,Card ending 8723,,CREDIT CARD PURCHASE,QANTAS AIRW MASCOT,-5796.55,Flights,Qantas,21 Nov 25
21 Nov 25,-55.00,Card ending 8723,,CREDIT CARD PURCHASE,QANTAS AIRW MASCOT,-3922.40,Flights,Qantas,21 Nov 25
21 Nov 25,-1874.15,Card ending 8723,,CREDIT CARD PURCHASE,QANTAS AIRW MASCOT,-3867.40,Flights,Qantas,21 Nov 25
21 Nov 25,-1874.15,Card ending 8723,,CREDIT CARD PURCHASE,QANTAS AIRW MASCOT,-1993.25,Flights,Qantas,21 Nov 25
21 Nov 25,-55.00,Card ending 8723,,CREDIT CARD PURCHASE,QANTAS AIRW MASCOT,-119.10,Flights,Qantas,21 Nov 25
21 Nov 25,-55.00,Card ending 8723,,CREDIT CARD PURCHASE,QANTAS AIRW MASCOT,-64.10,Flights,Qantas,21 Nov 25
20 Nov 25,-9.10,Card ending 8723,,CREDIT CARD PURCHASE,JETSTAR AIR KN6NJJ WWW.JETSTAR.C,-9.10,Flights,Jetstar,20 Nov 25
19 Nov 25,-305.21,Card ending 8723,,CREDIT CARD PURCHASE,Woolworths Online BellaVista,0.00,Groceries,Woolworths Online,19 Nov 25
19 Nov 25,-80.00,Card ending 8723,,CREDIT CARD PURCHASE,REWIRED HAND THERAPY SUNBURY,305.21,Medical,Re-Wired Hand Therapy (Sunbury),19 Nov 25
19 Nov 25,3792.40,Card ending 6690,,CREDIT CARD PAYMENT,INTERNET PAYMENT Linked Acc Trns,385.21,Internal transfers,,19 Nov 25
19 Nov 25,-105.44,Card ending 8723,,CREDIT CARD PURCHASE,VIBE GISBORNE GISBORNE,-3407.19,Fuel,Vibe Petroleum (Gisborne),19 Nov 25
18 Nov 25,-47.15,Card ending 6690,,CREDIT CARD PURCHASE,SNAP FITNE* SNAP FITNE SUNBURY,-3301.75,Gym & fitness,Snap Fitness (Sunbury),18 Nov 25
18 Nov 25,-8.48,Card ending 8723,,CREDIT CARD PURCHASE,CHEMIST WAREHOUSE SUNBURYSUNBURY,-3254.60,Medical,Chemist Warehouse (Sunbury),18 Nov 25
17 Nov 25,-4.99,Card ending 6690,,CREDIT CARD PURCHASE,Google Sky News Austr Barangaroo,-3246.12,Electronics & technology,Google Australia,17 Nov 25
17 Nov 25,-233.40,Card ending 8723,,CREDIT CARD PURCHASE,Marnong Estate Mickleham,-3241.13,Alcohol,Marnong Estate,17 Nov 25
17 Nov 25,-20.49,Card ending 8723,,CREDIT CARD PURCHASE,CAREPARK SEA BATHS ST KILDA,-3007.73,Parking & tolls,Care Park (Saint Kilda),17 Nov 25
17 Nov 25,-31.61,Card ending 8723,,CREDIT CARD PURCHASE,WWW.VICSFOODANDWINE.CO SUNBURY,-2987.24,Restaurants & takeaway,Vics Food & Wine,17 Nov 25
17 Nov 25,-20.13,Card ending 8723,,CREDIT CARD PURCHASE,LINKT MELBOURNE MELBOURNE,-2955.63,Travel expenses,Linkt,17 Nov 25
14 Nov 25,-3.50,Card ending     ,,FEES,C ADV FEE,-2935.50,Fees,,14 Nov 25
14 Nov 25,-15.10,Card ending 8723,,CREDIT CARD PURCHASE,EasyPark PRAHRAN,-2932.00,Parking & tolls,EasyPark,14 Nov 25
14 Nov 25,-55.41,Card ending 6690,,CREDIT CARD PURCHASE,BRIGHTE CAPITAL SYDNEY,-2916.90,Loans,Brighte,14 Nov 25
13 Nov 25,-8.79,Card ending 8723,,CREDIT CARD PURCHASE,HUDSONS ELIZABETH ST MELBOURNE,-2861.49,Cafe & coffee,Hudsons Coffee (The Walk Arcade),13 Nov 25
13 Nov 25,-11.00,Card ending 8723,,CREDIT CARD PURCHASE,HUME CITY COUNCIL SUNBURY,-2852.70,Travel expenses,Hume City Council (Sunbury Visitor Information Centre),13 Nov 25
13 Nov 25,-18.18,Card ending 8723,,CREDIT CARD PURCHASE,Melbourne Airport Melbourne Air,-2841.70,Flights,Melbourne Airport,13 Nov 25
13 Nov 25,-98.96,Card ending 8723,,CREDIT CARD PURCHASE,AGL SALES 0308 MELBOURNE,-2823.52,Utilities,AGL,13 Nov 25
13 Nov 25,-52.44,Card ending 8723,,CREDIT CARD PURCHASE,7-ELEVEN 1161 SUNBURY,-2724.56,Fuel,7-Eleven (Sunbury),13 Nov 25
12 Nov 25,-80.00,Card ending 8723,,CREDIT CARD PURCHASE,REWIRED HAND THERAPY SUNBURY,-2672.12,Medical,Re-Wired Hand Therapy (Sunbury),12 Nov 25
12 Nov 25,-16.80,Card ending 8723,,CREDIT CARD PURCHASE,OFFICEBARN OFFICE NA GISBORNE,-2592.12,Other shopping,Office National (Gisborne),12 Nov 25
12 Nov 25,-88.15,Card ending 8723,,CREDIT CARD PURCHASE,WOOLWORTHS/25-47 HORNE STSUNBURY,-2575.32,Groceries,Woolworths (Sunbury),12 Nov 25
11 Nov 25,-1.99,Card ending 8723,,CREDIT CARD PURCHASE,YINEYARD RD PHARMACY SUNBURY,-2487.17,Medical,,11 Nov 25
11 Nov 25,-85.00,Card ending 6690,,CREDIT CARD PURCHASE,TELSTRA SERVICES MELBOURNE,-2485.18,Phone & internet,Telstra,11 Nov 25
11 Nov 25,-320.00,Card ending 8723,,CREDIT CARD PURCHASE,Zenia Yin Chow Heidelberg,-2400.18,Medical,Dr Zenia Chow (ENT Surgeons of Melbourne),11 Nov 25
11 Nov 25,-11.98,Card ending 8723,,CREDIT CARD PURCHASE,CHEMIST WAREHOUSE GISBORNE,-2080.18,Medical,Chemist Warehouse (Gisborne Village),11 Nov 25
10 Nov 25,-86.75,Card ending 8723,,CREDIT CARD PURCHASE,CHEMIST WAREHOUSE SUNBURY,-2068.20,Medical,Chemist Warehouse (Sunbury),10 Nov 25
10 Nov 25,-0.15,Card ending     ,,FEES,NAB INTNL TRAN FEE - (SC),-1981.45,Fees,,10 Nov 25
10 Nov 25,-17.45,Card ending 8723,,CREDIT CARD PURCHASE,EG GROUP/67 GAP ROAD SUNBURY,-1981.30,Fuel,EG Group (Gap Rd Sunbury),10 Nov 25
10 Nov 25,-72.91,Card ending 8723,,CREDIT CARD PURCHASE,BUNNINGS 395000 SUNBURY,-1963.85,Home improvements,Bunnings (Sunbury),10 Nov 25
10 Nov 25,-32.20,Card ending 8723,,CREDIT CARD PURCHASE,EG GROUP/67 GAP ROAD SUNBURY,-1890.94,Fuel,EG Group (Gap Rd Sunbury),10 Nov 25
10 Nov 25,-158.81,Card ending 8723,,CREDIT CARD PURCHASE,Woolworths Online BellaVista,-1858.74,Groceries,Woolworths Online,10 Nov 25
10 Nov 25,-14.95,Card ending 6690,,CREDIT CARD PURCHASE,POCKETSMITH DUNEDIN,-1699.93,Uncategorised,,10 Nov 25
10 Nov 25,-37.10,Card ending 8723,,CREDIT CARD PURCHASE,EZI*Hume City Council Craigieburn,-1684.98,Government,Hume City Council (Craigieburn),10 Nov 25
10 Nov 25,-89.50,Card ending 8723,,CREDIT CARD PURCHASE,TRYBOOKING*CARMEL AMELIA SOUTH YARRA,-1647.88,Attractions & events,Try Booking,10 Nov 25
07 Nov 25,-629.74,Card ending 8723,,CREDIT CARD PURCHASE,SP KOOSHY KIDS ESSENDON WEST,-1558.38,Clothing & accessories,Kooshy Kids,07 Nov 25
07 Nov 25,-784.20,Card ending 8723,,CREDIT CARD PURCHASE,DOCTORS HEALTH FND SYDNEY,-928.64,Insurance,Doctors Health Fund,07 Nov 25
07 Nov 25,-153.26,Card ending 8723,,CREDIT CARD PURCHASE,Woolworths Online BellaVista,-144.44,Groceries,Woolworths Online,07 Nov 25
06 Nov 25,-153.12,Card ending 8723,,CREDIT CARD PURCHASE,HOLLARD INSURANCE CHATSWOOD,8.82,Insurance,Hollard Insurance,06 Nov 25
06 Nov 25,-2.99,Card ending 6690,,CREDIT CARD PURCHASE,AD FREE FOR PRIMEVIDEO SYDNEY,161.94,Subscriptions,Amazon Prime Video,06 Nov 25
06 Nov 25,-18.35,Card ending 8723,,CREDIT CARD PURCHASE,MCDONALDS KILMORE KILMORE,164.93,Restaurants & takeaway,McDonald's (Kilmore),06 Nov 25
06 Nov 25,-20.99,Card ending 6690,,CREDIT CARD PURCHASE,NETFLIX.COM Melbourne,183.28,Subscriptions,Netflix,06 Nov 25
06 Nov 25,-124.20,Card ending 8723,,CREDIT CARD PURCHASE,HOLLARD INSURANCE CHATSWOOD,204.27,Insurance,Hollard Insurance,06 Nov 25
05 Nov 25,-271.34,Card ending 8723,,CREDIT CARD PURCHASE,Woolworths Online BellaVista,328.47,Groceries,Woolworths Online,05 Nov 25
05 Nov 25,-9.99,Card ending 8723,,CREDIT CARD PURCHASE,APPLE.COM/BILL SYDNEY,599.81,Subscriptions,Apple (App Store),05 Nov 25
05 Nov 25,4273.45,Card ending 6690,,CREDIT CARD PAYMENT,INTERNET PAYMENT Linked Acc Trns,609.80,Internal transfers,,05 Nov 25
04 Nov 25,-130.43,Card ending 8723,,CREDIT CARD PURCHASE,Mansfield Hotel Mansfield,-3663.65,Restaurants & takeaway,The Mansfield Hotel,04 Nov 25
04 Nov 25,-47.15,Card ending 6690,,CREDIT CARD PURCHASE,SNAP FITNE* SNAP FITNE SUNBURY,-3533.22,Gym & fitness,Snap Fitness (Sunbury),04 Nov 25
04 Nov 25,-9.50,Card ending 8723,,CREDIT CARD PURCHASE,BP AA WLLN O/BND 5909 WALLAN,-3486.07,Fuel,BP (Aa Wallan Outbound),04 Nov 25
04 Nov 25,-85.00,Card ending 8723,,CREDIT CARD PURCHASE,MANSFIELD ZOO Mansfield,-3476.57,Attractions & events,Mansfield Zoo,04 Nov 25
03 Nov 25,-199.95,Card ending 8723,,CREDIT CARD PURCHASE,DAVID JONES LIMITED CANBERRA,-3391.57,Other shopping,David Jones (Canberra),03 Nov 25
03 Nov 25,-2.82,Card ending 8723,,CREDIT CARD PURCHASE,RIDES4FUN PTY LTD BAYSWATER,-3191.62,Attractions & events,Rides 4 Fun,03 Nov 25
03 Nov 25,-442.08,Card ending 8723,,CREDIT CARD PURCHASE,AGL SALES 0308 MELBOURNE,-3188.80,Utilities,AGL,03 Nov 25
03 Nov 25,-29.50,Card ending 8723,,CREDIT CARD PURCHASE,MYER CANBERRA CITY CANBERRA,-2746.72,Other shopping,Myer (Canberra Centre),03 Nov 25
03 Nov 25,-11.97,Card ending 8723,,CREDIT CARD PURCHASE,MYER CANBERRA CITY CANBERRA,-2717.22,Other shopping,Myer (Canberra Centre),03 Nov 25
03 Nov 25,-28.99,Card ending 8723,,CREDIT CARD PURCHASE,SNR DYNAMICS PTY LIMIT CITY,-2705.25,Alcohol,Gurkha Liquor,03 Nov 25
03 Nov 25,-142.57,Card ending 8723,,CREDIT CARD PURCHASE,Mansfield Hotel Mansfield,-2676.26,Restaurants & takeaway,The Mansfield Hotel,03 Nov 25
03 Nov 25,-99.97,Card ending 8723,,CREDIT CARD PURCHASE,DAVID JONES LIMITED CANBERRA,-2533.69,Other shopping,David Jones (Canberra),03 Nov 25
03 Nov 25,-429.87,Card ending 6690,,CREDIT CARD PURCHASE,Zurich Australia Limited North Sydney,-2433.72,Insurance,Zurich,03 Nov 25
31 Oct 25,-174.95,Card ending 8723,,CREDIT CARD PURCHASE,MYER CANBERRA CITY CANBERRA,-2003.85,Other shopping,Myer (Canberra Centre),31 Oct 25
31 Oct 25,-55.41,Card ending 6690,,CREDIT CARD PURCHASE,BRIGHTE CAPITAL SYDNEY,-1828.90,Loans,Brighte,31 Oct 25
31 Oct 25,-75.82,Card ending 8723,,CREDIT CARD PURCHASE,MYER CANBERRA CITY CANBERRA,-1773.49,Other shopping,Myer (Canberra Centre),31 Oct 25
31 Oct 25,-16.99,Card ending 6690,,CREDIT CARD PURCHASE,Google YouTubePremium Barangaroo,-1697.67,Subscriptions,YouTube,31 Oct 25
30 Oct 25,-6.00,Card ending 8723,,CREDIT CARD PURCHASE,SQ *BITE & SAVOR City,-1680.68,Groceries,Bite & Savor,30 Oct 25
30 Oct 25,-92.28,Card ending 8723,,CREDIT CARD PURCHASE,ALDI STORES CANBERRA,-1674.68,Groceries,ALDI (Canberra),30 Oct 25
29 Oct 25,-4.49,Card ending 8723,,CREDIT CARD PURCHASE,Google One Barangaroo,-1582.40,Electronics & technology,Google Australia,29 Oct 25
28 Oct 25,-273.36,Card ending 8723,,CREDIT CARD PURCHASE,Woolworths Online BellaVista,-1577.91,Groceries,Woolworths Online,28 Oct 25
28 Oct 25,-1.49,Card ending 8723,,CREDIT CARD PURCHASE,APPLE.COM/BILL SYDNEY,-1304.55,Subscriptions,Apple (App Store),28 Oct 25
28 Oct 25,-9.99,Card ending 6690,,CREDIT CARD PURCHASE,AMZNPRIMEAU MEMBERSHIP SYDNEY SOUTH,-1303.06,Subscriptions,Amazon Prime Membership,28 Oct 25
27 Oct 25,-15.00,Card ending 6690,,CREDIT CARD PURCHASE,Delivery Unlimited BellaVista,-1293.07,Groceries,Woolworths,27 Oct 25
27 Oct 25,-59.90,Card ending 8723,,CREDIT CARD PURCHASE,MY WEIGHT LOSS CLINIC MELBOURNE,-1278.07,Medical,My Weightloss Clinic,27 Oct 25
27 Oct 25,-49.50,Card ending 8723,,CREDIT CARD PURCHASE,BIG W/HORNE STREET SUNBURY,-1218.17,Other shopping,BIG W (Sunbury),27 Oct 25
27 Oct 25,-50.35,Card ending 8723,,CREDIT CARD PURCHASE,FLEXISCHOOLS*ACC TOPUP 1300361769,-1168.67,Education,Flexischools,27 Oct 25
27 Oct 25,-20.57,Card ending 6690,,CREDIT CARD PURCHASE,MICROSOFT#G120284181 MSBILL.INFO,-1118.32,Electronics & technology,Microsoft,27 Oct 25
27 Oct 25,-38.50,Card ending 8723,,CREDIT CARD PURCHASE,BIG W/HORNE STREET SUNBURY,-1097.75,Other shopping,BIG W (Sunbury),27 Oct 25
27 Oct 25,-37.10,Card ending 8723,,CREDIT CARD PURCHASE,EZI*Hume City Council Craigieburn,-1059.25,Government,Hume City Council (Craigieburn),27 Oct 25
27 Oct 25,-16.45,Card ending 6690,,CREDIT CARD PURCHASE,Audible Limited AU MELBOURNE,-1022.15,Subscriptions,Audible,27 Oct 25
27 Oct 25,-22.11,Card ending 8723,,CREDIT CARD PURCHASE,RIDDELLS CREEK SUPER RIDDELLS CREE,-1005.70,Groceries,Foodworks (Riddells Creek),27 Oct 25
27 Oct 25,-62.80,Card ending 8723,,CREDIT CARD PURCHASE,ZLR*Sunbury Fresh Marke Sunbury,-983.59,Uncategorised,,27 Oct 25
27 Oct 25,-189.70,Card ending 8723,,CREDIT CARD PURCHASE,BIG W/HORNE STREET SUNBURY,-920.79,Other shopping,BIG W (Sunbury),27 Oct 25
24 Oct 25,-35.35,Card ending 8723,,CREDIT CARD PURCHASE,HIDDEN FLORIST SUNBURY,-731.09,Other shopping,Hidden Florist,24 Oct 25
24 Oct 25,-4.00,Card ending 8723,,CREDIT CARD PURCHASE,HUME CITY COUNCIL SUNBURY,-695.74,Travel expenses,Hume City Council (Sunbury Visitor Information Centre),24 Oct 25
24 Oct 25,-221.59,Card ending 8723,,CREDIT CARD PURCHASE,VICROADS RECURRING KEW,-691.74,Government,VicRoads,24 Oct 25
23 Oct 25,-163.62,Card ending 8723,,CREDIT CARD PURCHASE,INGENIA PHILLIP ISLAND Newhaven,-470.15,Accommodation,BIG4 (Ingenia Holidays Phillip Island),23 Oct 25
23 Oct 25,-144.33,Card ending 8723,,CREDIT CARD PURCHASE,INGENIA PHILLIP ISLAND Newhaven,-306.53,Accommodation,BIG4 (Ingenia Holidays Phillip Island),23 Oct 25
23 Oct 25,-51.00,Card ending 8723,,CREDIT CARD PURCHASE,GAMEDAY AU* SUNBURY LI CREMORNE,-162.20,Other shopping,GameDay,23 Oct 25
23 Oct 25,-111.20,Card ending 8723,,CREDIT CARD PURCHASE,SP SIMPLY NOOTROPICSAU SYDNEY,-111.20,Medical,Simply Nootropics,23 Oct 25
22 Oct 25,-158.90,Card ending 8723,,CREDIT CARD PURCHASE,Woolworths Online BellaVista,0.00,Groceries,Woolworths Online,22 Oct 25
22 Oct 25,-80.00,Card ending 8723,,CREDIT CARD PURCHASE,REWIRED HAND THERAPY SUNBURY,158.90,Medical,Re-Wired Hand Therapy (Sunbury),22 Oct 25
22 Oct 25,3817.72,Card ending 6690,,CREDIT CARD PAYMENT,INTERNET PAYMENT Linked Acc Trns,238.90,Internal transfers,,22 Oct 25
21 Oct 25,-172.46,Card ending 8723,,CREDIT CARD PURCHASE,VIBE GISBORNE GISBORNE,-3578.82,Fuel,Vibe Petroleum (Gisborne),21 Oct 25
21 Oct 25,-47.15,Card ending 6690,,CREDIT CARD PURCHASE,SNAP FITNE* SNAP FITNE SUNBURY,-3406.36,Gym & fitness,Snap Fitness (Sunbury),21 Oct 25
21 Oct 25,-41.96,Card ending 8723,,CREDIT CARD PURCHASE,Doonies Diner Gisborne,-3359.21,Restaurants & takeaway,Doonies Diner,21 Oct 25
20 Oct 25,-1636.00,Card ending 8723,,CREDIT CARD PURCHASE,Book High Country PTY ORANGE,-3317.25,Accommodation,Book High Country,20 Oct 25
20 Oct 25,-36.77,Card ending 8723,,CREDIT CARD PURCHASE,AMPOL ROMSEY 30031F ROMSEY,-1681.25,Fuel,Ampol Foodary (Romsey),20 Oct 25
20 Oct 25,-227.46,Card ending 8723,,CREDIT CARD PURCHASE,Woolworths Online BellaVista,-1644.48,Groceries,Woolworths Online,20 Oct 25
20 Oct 25,-15.10,Card ending 8723,,CREDIT CARD PURCHASE,Gaffney's Bakery Heathcote,-1417.02,Groceries,Gaffney's Bakery (Heathcote),20 Oct 25
17 Oct 25,-55.41,Card ending 6690,,CREDIT CARD PURCHASE,BRIGHTE CAPITAL SYDNEY,-1401.92,Loans,Brighte,17 Oct 25
17 Oct 25,-289.00,Card ending 8723,,CREDIT CARD PURCHASE,GAMEDAY AU* SUNBURY LI CREMORNE,-1346.51,Other shopping,GameDay,17 Oct 25
17 Oct 25,-4.00,Card ending 8723,,CREDIT CARD PURCHASE,HUME CITY COUNCIL SUNBURY,-1057.51,Travel expenses,Hume City Council (Sunbury Visitor Information Centre),17 Oct 25
16 Oct 25,-155.46,Card ending 8723,,CREDIT CARD PURCHASE,Woolworths Online BellaVista,-1053.51,Groceries,Woolworths Online,16 Oct 25
16 Oct 25,-90.31,Card ending 8723,,CREDIT CARD PURCHASE,HIPCAMP BOOKING MORUYA,-898.05,Accommodation,Hipcamp Australia,16 Oct 25
15 Oct 25,-44.66,Card ending 8723,,CREDIT CARD PURCHASE,AGL SALES 0308 MELBOURNE,-807.74,Utilities,AGL,15 Oct 25
13 Oct 25,-15.90,Card ending 8723,,CREDIT CARD PURCHASE,EZI*Hume City Council Craigieburn,-763.08,Government,Hume City Council (Craigieburn),13 Oct 25
13 Oct 25,-219.15,Card ending 8723,,CREDIT CARD PURCHASE,TARGET 5226 SUNBURY,-747.18,Other shopping,Target (Sunbury),13 Oct 25
13 Oct 25,-85.00,Card ending 6690,,CREDIT CARD PURCHASE,TELSTRA SERVICES MELBOURNE,-528.03,Phone & internet,Telstra,13 Oct 25
13 Oct 25,-58.40,Card ending 8723,,CREDIT CARD PURCHASE,TARGET 5226 SUNBURY,-443.03,Other shopping,Target (Sunbury),13 Oct 25
13 Oct 25,-144.94,Card ending 8723,,CREDIT CARD PURCHASE,Woolworths Online BellaVista,-384.63,Groceries,Woolworths Online,13 Oct 25
10 Oct 25,-18.00,Card ending 8723,,CREDIT CARD PURCHASE,HUME CITY COUNCIL SUNBURY,-239.69,Travel expenses,Hume City Council (Sunbury Visitor Information Centre),10 Oct 25
10 Oct 25,-214.68,Card ending 8723,,CREDIT CARD PURCHASE,Woolworths Online BellaVista,-221.69,Groceries,Woolworths Online,10 Oct 25
10 Oct 25,974.00,Card ending 6690,,CREDIT CARD PAYMENT,INTERNET PAYMENT Linked Acc Trns,-7.01,Internal transfers,,10 Oct 25
09 Oct 25,-14.95,Card ending 6690,,CREDIT CARD PURCHASE,POCKETSMITH DUNEDIN,-981.01,Uncategorised,,09 Oct 25
09 Oct 25,-10.00,Card ending 8723,,CREDIT CARD PURCHASE,HUME CITY COUNCIL SUNBURY,-966.06,Travel expenses,Hume City Council (Sunbury Visitor Information Centre),09 Oct 25
09 Oct 25,-0.15,Card ending     ,,FEES,NAB INTNL TRAN FEE - (SC),-956.06,Fees,,09 Oct 25
08 Oct 25,-784.20,Card ending 8723,,CREDIT CARD PURCHASE,DOCTORS HEALTH FND SYDNEY,-955.91,Insurance,Doctors Health Fund,08 Oct 25
08 Oct 25,-601.56,Card ending 8723,,CREDIT CARD PURCHASE,AGL SALES 0308 MELBOURNE,-171.71,Utilities,AGL,08 Oct 25
08 Oct 25,3000.00,Card ending 6690,,CREDIT CARD PAYMENT,INTERNET PAYMENT Linked Acc Trns,429.85,Internal transfers,,08 Oct 25
07 Oct 25,-166.65,Card ending 8723,,CREDIT CARD PURCHASE,ROMSEY PHARMACY ROMSEY,-2570.15,Medical,Romsey Pharmacy,07 Oct 25
07 Oct 25,-47.15,Card ending 6690,,CREDIT CARD PURCHASE,SNAP FITNE* SNAP FITNE SUNBURY,-2403.50,Gym & fitness,Snap Fitness (Sunbury),07 Oct 25
07 Oct 25,-237.50,Card ending 8723,,CREDIT CARD PURCHASE,Woolworths Online BellaVista,-2356.35,Groceries,Woolworths Online,07 Oct 25
06 Oct 25,-51.50,Card ending 8723,,CREDIT CARD PURCHASE,GYG Sunbury Aberfeldie,-2118.85,Restaurants & takeaway,Guzman Y Gomez (Sunbury),06 Oct 25
06 Oct 25,-9.99,Card ending 8723,,CREDIT CARD PURCHASE,APPLE.COM/BILL SYDNEY,-2067.35,Subscriptions,Apple (App Store),06 Oct 25
06 Oct 25,-140.51,Card ending 8723,,CREDIT CARD PURCHASE,HOLLARD INSURANCE CHATSWOOD,-2057.36,Insurance,Hollard Insurance,06 Oct 25
06 Oct 25,-120.56,Card ending 8723,,CREDIT CARD PURCHASE,HOLLARD INSURANCE CHATSWOOD,-1916.85,Insurance,Hollard Insurance,06 Oct 25
06 Oct 25,-2.99,Card ending 6690,,CREDIT CARD PURCHASE,AD FREE FOR PRIMEVIDEO SYDNEY,-1796.29,Subscriptions,Amazon Prime Video,06 Oct 25
06 Oct 25,-20.99,Card ending 6690,,CREDIT CARD PURCHASE,Netflix.com Melbourne VIC,-1793.30,Subscriptions,Netflix,06 Oct 25
06 Oct 25,-20.13,Card ending 8723,,CREDIT CARD PURCHASE,LINKT MELBOURNE MELBOURNE,-1772.31,Travel expenses,Linkt,06 Oct 25
06 Oct 25,-41.00,Card ending 8723,,CREDIT CARD PURCHASE,BIG W/HORNE STREET SUNBURY,-1752.18,Other shopping,BIG W (Sunbury),06 Oct 25
03 Oct 25,-55.41,Card ending 6690,,CREDIT CARD PURCHASE,BRIGHTE CAPITAL SYDNEY,-1711.18,Loans,Brighte,03 Oct 25
02 Oct 25,-403.24,Card ending 6690,,CREDIT CARD PURCHASE,Zurich Australia Limited North Sydney,-1655.77,Insurance,Zurich,02 Oct 25
01 Oct 25,-64.58,Card ending 8723,,CREDIT CARD PURCHASE,BENSONS TRADING COMP BOWEN HILLS,-1252.53,Services,Showbags.com.au,01 Oct 25
01 Oct 25,-117.35,Card ending 8723,,CREDIT CARD PURCHASE,DR FAITH DREW-GP GISBORNE,-1187.95,Uncategorised,,01 Oct 25
01 Oct 25,-16.99,Card ending 6690,,CREDIT CARD PURCHASE,Google YouTubePremium Barangaroo,-1070.60,Subscriptions,YouTube,01 Oct 25
01 Oct 25,-247.66,Card ending 8723,,CREDIT CARD PURCHASE,Woolworths Online BellaVista,-1053.61,Groceries,Woolworths Online,01 Oct 25
01 Oct 25,-32.29,Card ending 8723,,CREDIT CARD PURCHASE,BENSONS TRADING COMP BOWEN HILLS,-805.95,Services,Showbags.com.au,01 Oct 25
30 Sep 25,-156.65,Card ending 8723,,CREDIT CARD PURCHASE,MELB SHOW TIX ASCOT VALE,-773.66,Attractions & events,Melbourne Showgrounds,30 Sep 25
30 Sep 25,-114.00,Card ending 8723,,CREDIT CARD PURCHASE,DEAN & MCPHERSON MOONEE PONDS,-617.01,Restaurants & takeaway,Dean & McPherson,30 Sep 25
30 Sep 25,-56.00,Card ending 8723,,CREDIT CARD PURCHASE,SQ *REACH YOUR POTENTIAL Bridgewater,-503.01,Other shopping,Square,30 Sep 25
30 Sep 25,-12.10,Card ending 8723,,CREDIT CARD PURCHASE,SQ *GOLDEN RIDGE ANIMAL FMaribyrnong,-447.01,Other shopping,Square,30 Sep 25
30 Sep 25,-15.90,Card ending 8723,,CREDIT CARD PURCHASE,WOOLWORTHS/25-47 HORNE STSUNBURY,-434.91,Groceries,Woolworths (Sunbury),30 Sep 25
29 Sep 25,-16.45,Card ending 6690,,CREDIT CARD PURCHASE,Audible Limited AU MELBOURNE,-419.01,Subscriptions,Audible,29 Sep 25
29 Sep 25,-4.49,Card ending 8723,,CREDIT CARD PURCHASE,Google One Barangaroo,-402.56,Electronics & technology,Google Australia,29 Sep 25
29 Sep 25,-80.00,Card ending 8723,,CREDIT CARD PURCHASE,SP MIRRABOOKA PROTEI TORQUAY,-398.07,Medical,Mirrabooka Protein,29 Sep 25
29 Sep 25,-60.00,Card ending 8723,,CREDIT CARD PURCHASE,LAMANNA SUPERMARKET ESSENDON FIEL,-318.07,Groceries,LaManna Supermarket (Essendon Fields Airport),29 Sep 25
29 Sep 25,-15.00,Card ending 8723,,CREDIT CARD PURCHASE,MONKEYBOAT PICTURES ESSENDON,-258.07,Services,Monkeyboat Pictures,29 Sep 25
29 Sep 25,-216.59,Card ending 8723,,CREDIT CARD PURCHASE,Woolworths Online BellaVista,-243.07,Groceries,Woolworths Online,29 Sep 25
29 Sep 25,-9.99,Card ending 6690,,CREDIT CARD PURCHASE,AMZNPRIMEAU MEMBERSHIP SYDNEY SOUTH,-26.48,Subscriptions,Amazon Prime Membership,29 Sep 25
29 Sep 25,-1.49,Card ending 8723,,CREDIT CARD PURCHASE,APPLE.COM/BILL SYDNEY,-16.49,Subscriptions,Apple (App Store),29 Sep 25
26 Sep 25,-15.00,Card ending 6690,,CREDIT CARD PURCHASE,Delivery Unlimited BellaVista,-15.00,Groceries,Woolworths,26 Sep 25
25 Sep 25,-117.19,Card ending 8723,,CREDIT CARD PURCHASE,CHANTAL RENEE GANGEMI Sunbury,0.00,Medical,Dr Chantal Gangemi (Vineyard Medical Centre),25 Sep 25
25 Sep 25,-180.74,Card ending 8723,,CREDIT CARD PURCHASE,Woolworths Online BellaVista,117.19,Groceries,Woolworths Online,25 Sep 25
25 Sep 25,-20.57,Card ending 6690,,CREDIT CARD PURCHASE,MICROSOFT#G114788389 MSBILL.INFO,297.93,Electronics & technology,Microsoft,25 Sep 25
24 Sep 25,1914.02,Card ending 6690,,CREDIT CARD PAYMENT,INTERNET PAYMENT Linked Acc Trns,318.50,Internal transfers,,24 Sep 25
23 Sep 25,-38.00,Card ending 8723,,CREDIT CARD PURCHASE,SUNBURY COMMUNITY SUNBURY,-1595.52,Medical,Sunbury Community Health Centre,23 Sep 25
23 Sep 25,-47.15,Card ending 6690,,CREDIT CARD PURCHASE,SNAP FITNE* SNAP FITNE SUNBURY,-1557.52,Gym & fitness,Snap Fitness (Sunbury),23 Sep 25
22 Sep 25,-136.96,Card ending 8723,,CREDIT CARD PURCHASE,AMPOL ROMSEY 30031F ROMSEY,-1510.37,Fuel,Ampol Foodary (Romsey),22 Sep 25
22 Sep 25,-11.87,Card ending     ,,INTEREST CHARGED,INTEREST ON PURCHASE(S),-1373.41,Fees,,22 Sep 25
22 Sep 25,-211.57,Card ending 8723,,CREDIT CARD PURCHASE,SUNBURY INDOOR SPORTS SUNBURY,-1361.54,Gym & fitness,,22 Sep 25
22 Sep 25,-170.48,Card ending 8723,,CREDIT CARD PURCHASE,Woolworths Online BellaVista,-1149.97,Groceries,Woolworths Online,22 Sep 25
22 Sep 25,-127.06,Card ending 8723,,CREDIT CARD PURCHASE,WOOLWORTHS/90 VINEYARD RDSUNBURY,-979.49,Groceries,Woolworths (Sunbury South),22 Sep 25
19 Sep 25,-1.00,Card ending 8723,,CREDIT CARD PURCHASE,HUME CITY COUNCIL SUNBURY,-852.43,Travel expenses,Hume City Council (Sunbury Visitor Information Centre),19 Sep 25
19 Sep 25,-55.41,Card ending 6690,,CREDIT CARD PURCHASE,BRIGHTE CAPITAL SYDNEY,-851.43,Loans,Brighte,19 Sep 25
19 Sep 25,-152.55,Card ending 8723,,CREDIT CARD PURCHASE,Woolworths Online BellaVista,-796.02,Groceries,Woolworths Online,19 Sep 25
18 Sep 25,-3.00,Card ending 8723,,CREDIT CARD PURCHASE,HUME CITY COUNCIL SUNBURY,-643.47,Travel expenses,Hume City Council (Sunbury Visitor Information Centre),18 Sep 25
18 Sep 25,-42.99,Card ending 6690,,CREDIT CARD PURCHASE,Google HuntStand GPS Barangaroo,-640.47,Electronics & technology,Google Australia,18 Sep 25
17 Sep 25,-60.50,Card ending 8723,,CREDIT CARD PURCHASE,BIG W/HORNE STREET SUNBURY,-597.48,Other shopping,BIG W (Sunbury),17 Sep 25
16 Sep 25,-38.00,Card ending 8723,,CREDIT CARD PURCHASE,SUNBURY COMMUNITY SUNBURY,-536.98,Medical,Sunbury Community Health Centre,16 Sep 25
16 Sep 25,-156.98,Card ending 8723,,CREDIT CARD PURCHASE,Woolworths Online BellaVista,-498.98,Groceries,Woolworths Online,16 Sep 25
15 Sep 25,-15.00,Card ending 8723,,CREDIT CARD PURCHASE,MACEDONRANGESSHIRECOUNCILKYNETON,-342.00,Government,Macedon Ranges Shire Council,15 Sep 25
15 Sep 25,-181.85,Card ending 8723,,CREDIT CARD PURCHASE,Woolworths Online BellaVista,-327.00,Groceries,Woolworths Online,15 Sep 25
15 Sep 25,-3.80,Card ending 8723,,CREDIT CARD PURCHASE,WOOLWORTHS/90 VINEYARD RDSUNBURY,-145.15,Groceries,Woolworths (Sunbury South),15 Sep 25
15 Sep 25,-55.67,Card ending 8723,,CREDIT CARD PURCHASE,LS Mount Macedon Winer Woodend,-141.35,Attractions & events,Mount Macedon Winery,15 Sep 25
15 Sep 25,-24.41,Card ending 8723,,CREDIT CARD PURCHASE,Marnong Estate Mickleham,-85.68,Alcohol,Marnong Estate,15 Sep 25
15 Sep 25,1802.84,Card ending 6690,,CREDIT CARD PAYMENT,INTERNET PAYMENT Linked Acc Trns,-61.27,Internal transfers,,15 Sep 25
15 Sep 25,-30.51,Card ending 8723,,CREDIT CARD PURCHASE,Marnong Estate Mickleham,-1864.11,Alcohol,Marnong Estate,15 Sep 25
15 Sep 25,-23.39,Card ending 8723,,CREDIT CARD PURCHASE,Marnong Estate Mickleham,-1833.60,Alcohol,Marnong Estate,15 Sep 25
15 Sep 25,-15.40,Card ending 8723,,CREDIT CARD PURCHASE,Gaffney's Bakery Heathcote,-1810.21,Groceries,Gaffney's Bakery (Heathcote),15 Sep 25
15 Sep 25,-11.18,Card ending 8723,,CREDIT CARD PURCHASE,Catch 90 Sunbury,-1794.81,Restaurants & takeaway,Catch 90,15 Sep 25
15 Sep 25,-20.14,Card ending 8723,,CREDIT CARD PURCHASE,LINKT MELBOURNE MELBOURNE,-1783.63,Travel expenses,Linkt,15 Sep 25
12 Sep 25,-147.27,Card ending 8723,,CREDIT CARD PURCHASE,AGL SALES 0308 MELBOURNE,-1763.49,Utilities,AGL,12 Sep 25
12 Sep 25,-2.00,Card ending 8723,,CREDIT CARD PURCHASE,HUME CITY COUNCIL SUNBURY,-1616.22,Travel expenses,Hume City Council (Sunbury Visitor Information Centre),12 Sep 25
12 Sep 25,-2.00,Card ending 8723,,CREDIT CARD PURCHASE,HUME CITY COUNCIL SUNBURY,-1614.22,Travel expenses,Hume City Council (Sunbury Visitor Information Centre),12 Sep 25
11 Sep 25,-85.00,Card ending 6690,,CREDIT CARD PURCHASE,TELSTRA SERVICES MELBOURNE,-1612.22,Phone & internet,Telstra,11 Sep 25
10 Sep 25,-23.76,Card ending 8723,,CREDIT CARD PURCHASE,CARE PARK MELBOURNE,-1527.22,Parking & tolls,Care Park,10 Sep 25
10 Sep 25,200.00,Card ending 8723,,CREDIT CARD REFUND,CrownMetropolMelbourne Melbourne,-1503.46,Refund,Crown Metropol (Melbourne),10 Sep 25
10 Sep 25,-43.58,Card ending 8723,,CREDIT CARD PURCHASE,CAO TRADING PTY LTD NORTH MELBOUR,-1703.46,Groceries,IGA Xpress (North Melbourne),10 Sep 25
09 Sep 25,-185.10,Card ending 8723,,CREDIT CARD PURCHASE,Crown Mel Koko Melbourne,-1659.88,Restaurants & takeaway,Koko,09 Sep 25
09 Sep 25,-22.40,Card ending 8723,,CREDIT CARD PURCHASE,ZOUKI CAFE SALAD BAR PARKVILLE,-1474.78,Cafe & coffee,Zouki (Royal Melbourne Hospital),09 Sep 25
09 Sep 25,-47.15,Card ending 6690,,CREDIT CARD PURCHASE,SNAP FITNE* SNAP FITNE SUNBURY,-1452.38,Gym & fitness,Snap Fitness (Sunbury),09 Sep 25
09 Sep 25,-14.95,Card ending 6690,,CREDIT CARD PURCHASE,POCKETSMITH DUNEDIN,-1405.23,Uncategorised,,09 Sep 25
09 Sep 25,-0.15,Card ending     ,,FEES,NAB INTNL TRAN FEE - (SC),-1390.28,Fees,,09 Sep 25
09 Sep 25,-200.00,Card ending 8723,,CREDIT CARD PURCHASE,CrownMetropolMelbourne Melbourne,-1390.13,Accommodation,Crown Metropol (Melbourne),09 Sep 25
09 Sep 25,-784.20,Card ending 8723,,CREDIT CARD PURCHASE,DOCTORS HEALTH FND SYDNEY,-1190.13,Insurance,Doctors Health Fund,09 Sep 25
09 Sep 25,-25.00,Card ending 8723,,CREDIT CARD PURCHASE,CROWN MELBOURNE LTD SOUTHBANK,-405.93,Gambling,Crown Melbourne,09 Sep 25
08 Sep 25,-110.69,Card ending 8723,,CREDIT CARD PURCHASE,Woolworths Online BELLA VISTA,-380.93,Groceries,Woolworths Online,08 Sep 25
08 Sep 25,-2.50,Card ending 8723,,CREDIT CARD PURCHASE,EG GROUP/67 GAP ROAD SUNBURY,-270.24,Fuel,EG Group (Gap Rd Sunbury),08 Sep 25
08 Sep 25,-16.00,Card ending 8723,,CREDIT CARD PURCHASE,7-ELEVEN 1161 SUNBURY,-267.74,Fuel,7-Eleven (Sunbury),08 Sep 25
08 Sep 25,-32.25,Card ending 8723,,CREDIT CARD PURCHASE,TICKETS*THE PETTIN 0404900312,-251.74,Attractions & events,Humanitix,08 Sep 25
08 Sep 25,-240.39,Card ending 8723,,CREDIT CARD PURCHASE,Woolworths Online BELLA VISTA,-219.49,Groceries,Woolworths Online,08 Sep 25
08 Sep 25,-2.99,Card ending 6690,,CREDIT CARD PURCHASE,AD FREE FOR PRIMEVIDEO SYDNEY,20.90,Subscriptions,Amazon Prime Video,08 Sep 25
08 Sep 25,-11.50,Card ending 8723,,CREDIT CARD PURCHASE,MCDONALDS GISBORNE GISBORNE SOUT,23.89,Restaurants & takeaway,McDonald's (Gisborne),08 Sep 25
08 Sep 25,-18.99,Card ending 6690,,CREDIT CARD PURCHASE,Netflix.com Melbourne VIC,35.39,Subscriptions,Netflix,08 Sep 25
08 Sep 25,20.90,Card ending 8723,,CREDIT CARD REFUND,Woolworths Online BELLA VISTA,54.38,Refund,Woolworths Online,08 Sep 25
05 Sep 25,-9.99,Card ending 8723,,CREDIT CARD PURCHASE,APPLE.COM/BILL SYDNEY,33.48,Subscriptions,Apple (App Store),05 Sep 25
05 Sep 25,5978.77,Card ending 6690,,CREDIT CARD PAYMENT,INTERNET PAYMENT Linked Acc Trns,43.47,Internal transfers,,05 Sep 25
05 Sep 25,-55.41,Card ending 6690,,CREDIT CARD PURCHASE,BRIGHTE CAPITAL SYDNEY,-5935.30,Loans,Brighte,05 Sep 25
04 Sep 25,7000.00,Card ending 6690,,CREDIT CARD PAYMENT,INTERNET PAYMENT Linked Acc Trns,-5879.89,Internal transfers,,04 Sep 25
04 Sep 25,-250.00,Card ending 8723,,CREDIT CARD PURCHASE,EMBRYO OPTIONS SYDNEY,-12879.89,Services,Embryo Options,04 Sep 25
04 Sep 25,-140.51,Card ending 8723,,CREDIT CARD PURCHASE,HOLLARD INSURANCE CHATSWOOD,-12629.89,Insurance,Hollard Insurance,04 Sep 25
04 Sep 25,-164.64,Card ending 8723,,CREDIT CARD PURCHASE,Woolworths Online BELLA VISTA,-12489.38,Groceries,Woolworths Online,04 Sep 25
04 Sep 25,-178.92,Card ending 8723,,CREDIT CARD PURCHASE,HOLLARD INSURANCE CHATSWOOD,-12324.74,Insurance,Hollard Insurance,04 Sep 25
04 Sep 25,-120.56,Card ending 8723,,CREDIT CARD PURCHASE,HOLLARD INSURANCE CHATSWOOD,-12145.82,Insurance,Hollard Insurance,04 Sep 25
04 Sep 25,-12.99,Card ending 8723,,CREDIT CARD PURCHASE,EPI CAFE RICHMOND,-12025.26,Cafe & coffee,Zouki (Epi Cafe),04 Sep 25
03 Sep 25,-29.97,Card ending 8723,,CREDIT CARD PURCHASE,CHEMIST WAREHOUSE SUNBURY,-12012.27,Medical,Chemist Warehouse (Sunbury),03 Sep 25
03 Sep 25,-18.99,Card ending 8723,,CREDIT CARD PURCHASE,CHEMIST WAREHOUSE SUNBURY,-11982.30,Medical,Chemist Warehouse (Sunbury),03 Sep 25
03 Sep 25,-638.44,Card ending 8723,,CREDIT CARD PURCHASE,AGL SALES 0308 MELBOURNE,-11963.31,Utilities,AGL,03 Sep 25
02 Sep 25,-403.24,Card ending 6690,,CREDIT CARD PURCHASE,ZURICH AUSTRALIA LIMITED NORTH SYDNEY,-11324.87,Insurance,Zurich,02 Sep 25
02 Sep 25,-40.95,Card ending 8723,,CREDIT CARD PURCHASE,EZI*Magic Photography Mill Park,-10921.63,Services,Magic Photography,02 Sep 25
01 Sep 25,-146.93,Card ending 8723,,CREDIT CARD PURCHASE,Woolworths Online BELLA VISTA,-10880.68,Groceries,Woolworths Online,01 Sep 25
01 Sep 25,-475.00,Card ending 6690,,CREDIT CARD PURCHASE,CCWEB SDRO PARRAMATTA,-10733.75,Government,Revenue NSW (Head Office),01 Sep 25
01 Sep 25,-9.20,Card ending 8723,,CREDIT CARD PURCHASE,BUNNINGS 395000 SUNBURY,-10258.75,Home improvements,Bunnings (Sunbury),01 Sep 25
01 Sep 25,-16.99,Card ending 6690,,CREDIT CARD PURCHASE,Google YouTubePremium Barangaroo,-10249.55,Subscriptions,YouTube,01 Sep 25
01 Sep 25,-120.55,Card ending 8723,,CREDIT CARD PURCHASE,Woolworths Online BELLA VISTA,-10232.56,Groceries,Woolworths Online,01 Sep 25
01 Sep 25,-50.35,Card ending 8723,,CREDIT CARD PURCHASE,FLEXISCHOOLS*ACC TOPUP 1300361769,-10112.01,Education,Flexischools,01 Sep 25
29 Aug 25,-4.49,Card ending 8723,,CREDIT CARD PURCHASE,Google One Barangaroo,-10061.66,Electronics & technology,Google Australia,29 Aug 25
29 Aug 25,-8228.00,Card ending 6690,,CREDIT CARD PURCHASE,SPARTAN TYRE SUNBURY,-10057.17,Vehicle expenses,Spartan Tyre & Service Centre,29 Aug 25
29 Aug 25,-117.35,Card ending 8723,,CREDIT CARD PURCHASE,DR CUNNINGHAM SUNBURY,-1829.17,Uncategorised,,29 Aug 25
28 Aug 25,-35.62,Card ending 8723,,CREDIT CARD PURCHASE,QANTAS AIRW MASCOT,-1711.82,Flights,Qantas,28 Aug 25
28 Aug 25,-20.14,Card ending 8723,,CREDIT CARD PURCHASE,LINKT MELBOURNE MELBOURNE,-1676.20,Travel expenses,Linkt,28 Aug 25
28 Aug 25,-1.49,Card ending 8723,,CREDIT CARD PURCHASE,APPLE.COM/BILL SYDNEY,-1656.06,Subscriptions,Apple (App Store),28 Aug 25
28 Aug 25,-36.96,Card ending 8723,,CREDIT CARD PURCHASE,CHEMIST WAREHOUSE SUNBURY,-1654.57,Medical,Chemist Warehouse (Sunbury),28 Aug 25
28 Aug 25,-9.99,Card ending 6690,,CREDIT CARD PURCHASE,AMZNPRIMEAU MEMBERSHIP SYDNEY SOUTH,-1617.61,Subscriptions,Amazon Prime Membership,28 Aug 25
28 Aug 25,-261.65,Card ending 8723,,CREDIT CARD PURCHASE,Woolworths Online BELLA VISTA,-1607.62,Groceries,Woolworths Online,28 Aug 25
28 Aug 25,-8.80,Card ending 8723,,CREDIT CARD PURCHASE,Woolworths Online BELLA VISTA,-1345.97,Groceries,Woolworths Online,28 Aug 25
27 Aug 25,9150.38,Card ending 6690,,CREDIT CARD PAYMENT,INTERNET PAYMENT Linked Acc Trns,-1337.17,Internal transfers,,27 Aug 25
27 Aug 25,-16.45,Card ending 6690,,CREDIT CARD PURCHASE,Audible Limited AU MELBOURNE,-10487.55,Subscriptions,Audible,27 Aug 25
27 Aug 25,-36.00,Card ending 8723,,CREDIT CARD PURCHASE,BIG W/HORNE STREET SUNBURY,-10471.10,Other shopping,BIG W (Sunbury),27 Aug 25
27 Aug 25,-48.70,Card ending 8723,,CREDIT CARD PURCHASE,RAMSAY HEALTH CARE QS Parkville,-10435.10,Medical,Ramsay Health Care (Frances Perry House),27 Aug 25
26 Aug 25,-113.29,Card ending 8723,,CREDIT CARD PURCHASE,JETSTAR AI HNF7YJ WWW.JETSTAR.C,-10386.40,Flights,Jetstar,26 Aug 25
26 Aug 25,-15.00,Card ending 6690,,CREDIT CARD PURCHASE,Woolworths Online BELLA VISTA,-10273.11,Groceries,Woolworths Online,26 Aug 25
26 Aug 25,-41.15,Card ending 6690,,CREDIT CARD PURCHASE,SNAP FITNE* SNAP FITNE SUNBURY,-10258.11,Gym & fitness,Snap Fitness (Sunbury),26 Aug 25
25 Aug 25,-78.33,Card ending 8723,,CREDIT CARD PURCHASE,CHEMIST WAREHOUSE SUNBURY,-10216.96,Medical,Chemist Warehouse (Sunbury),25 Aug 25
25 Aug 25,-20.57,Card ending 6690,,CREDIT CARD PURCHASE,MICROSOFT#G108930595 MSBILL.INFO,-10138.63,Electronics & technology,Microsoft,25 Aug 25
25 Aug 25,-5.80,Card ending 8723,,CREDIT CARD PURCHASE,GILBER ENTERPRISE P/ EAST MELBOURN,-10118.06,Restaurants & takeaway,Gilber Enterprise Pty Ltd,25 Aug 25
25 Aug 25,-7.59,Card ending 8723,,CREDIT CARD PURCHASE,eBay O*24-13484-31540 Sydney,-10112.26,Other shopping,eBay,25 Aug 25
25 Aug 25,-3.99,Card ending 8723,,CREDIT CARD PURCHASE,SUNBURY MEDICAL REVIVE SUNBURY,-10104.67,Medical,Sunbury Medical Revive Pharmacy,25 Aug 25
25 Aug 25,-45.00,Card ending 8723,,CREDIT CARD PURCHASE,WILSON PARKING MEL047 MELBOURNE,-10100.68,Parking & tolls,Wilson Parking,25 Aug 25
25 Aug 25,-836.30,Card ending 8723,,CREDIT CARD PURCHASE,MELBOURNE RADIOLOGY EAST MELBOURN,-10055.68,Medical,Melbourne Radiology Clinic,25 Aug 25
25 Aug 25,-69.00,Card ending 8723,,CREDIT CARD PURCHASE,TARGET 5226 SUNBURY,-9219.38,Other shopping,Target (Sunbury),25 Aug 25
22 Aug 25,-98.02,Card ending     ,,INTEREST CHARGED,INTEREST ON PURCHASE(S),-9150.38,Fees,,22 Aug 25
22 Aug 25,-55.41,Card ending 6690,,CREDIT CARD PURCHASE,BRIGHTE CAPITAL SYDNEY,-9052.36,Loans,Brighte,22 Aug 25
22 Aug 25,-54.60,Card ending 8723,,CREDIT CARD PURCHASE,BIG W/HORNE STREET SUNBURY,-8996.95,Other shopping,BIG W (Sunbury),22 Aug 25
22 Aug 25,-13.99,Card ending 8723,,CREDIT CARD PURCHASE,SUNBURY MEDICAL REVIVE SUNBURY,-8942.35,Medical,Sunbury Medical Revive Pharmacy,22 Aug 25
22 Aug 25,-150.00,Card ending 8723,,CREDIT CARD PURCHASE,SQ *RACHAEL LUCAS Diggers Rest,-8928.36,Other shopping,Square,22 Aug 25
22 Aug 25,-832.60,Card ending 8723,,CREDIT CARD PURCHASE,MELBOURNE RADIOLOGY EAST MELBOURN,-8778.36,Medical,Melbourne Radiology Clinic,22 Aug 25
21 Aug 25,-139.91,Card ending 8723,,CREDIT CARD PURCHASE,Woolworths Online BELLA VISTA,-7945.76,Groceries,Woolworths Online,21 Aug 25
20 Aug 25,-121.90,Card ending 8723,,CREDIT CARD PURCHASE,Woolworths Online BELLA VISTA,-7805.85,Groceries,Woolworths Online,20 Aug 25
19 Aug 25,-127.84,Card ending 8723,,CREDIT CARD PURCHASE,SP THE COLLAGEN CO. TULLAMARINE,-7683.95,Personal care,The Collagen Co,19 Aug 25
18 Aug 25,-12.00,Card ending 8723,,CREDIT CARD PURCHASE,ALPNALYAS GROUP PTY LT ESSENDON,-7556.11,Restaurants & takeaway,Alpnalyas Group Pty Ltd,18 Aug 25
18 Aug 25,-189.00,Card ending 8723,,CREDIT CARD PURCHASE,SP BLUE ILLUSION ST KILDA,-7544.11,Clothing & accessories,Blue Illusion (St Kilda),18 Aug 25
18 Aug 25,-87.90,Card ending 8723,,CREDIT CARD PURCHASE,Deciem Australia Pty LimiMelbourne,-7355.11,Personal care,Deciem (Melbourne),18 Aug 25
18 Aug 25,-10.06,Card ending 8723,,CREDIT CARD PURCHASE,eBay O*19-13443-76482 Sydney,-7267.21,Other shopping,eBay,18 Aug 25
18 Aug 25,-48.00,Card ending 8723,,CREDIT CARD PURCHASE,eBay O*09-13457-01482 Sydney,-7257.15,Other shopping,eBay,18 Aug 25
15 Aug 25,-50.00,Card ending 8723,,CREDIT CARD PURCHASE,WWW.ITS4ME.COM.AU SUNBURY,-7209.15,Gym & fitness,4ME Pilates (Sunbury),15 Aug 25
15 Aug 25,-20.14,Card ending 8723,,CREDIT CARD PURCHASE,LINKT MELBOURNE MELBOURNE,-7159.15,Travel expenses,Linkt,15 Aug 25
14 Aug 25,-6.10,Card ending 8723,,CREDIT CARD PURCHASE,SMP*Matte Black 15 Essendon,-7139.01,Cafe & coffee,Matte Black,14 Aug 25
13 Aug 25,-59.99,Card ending 8723,,CREDIT CARD PURCHASE,ANC*ANCESTRY.COM.AU 800-251-838,-7132.91,Electronics & technology,Ancestry,13 Aug 25
13 Aug 25,-0.60,Card ending     ,,FEES,NAB INTNL TRAN FEE - (SC),-7072.92,Fees,,13 Aug 25
12 Aug 25,-20.14,Card ending 8723,,CREDIT CARD PURCHASE,LINKT MELBOURNE MELBOURNE,-7072.32,Travel expenses,Linkt,12 Aug 25
12 Aug 25,-110.00,Card ending 8723,,CREDIT CARD PURCHASE,RASV ASCOT VALE,-7052.18,Hobbies,The Royal Agricultural Society of Victoria,12 Aug 25
12 Aug 25,-41.15,Card ending 6690,,CREDIT CARD PURCHASE,SNAP FITNE* SNAP FITNE SUNBURY,-6942.18,Gym & fitness,Snap Fitness (Sunbury),12 Aug 25
12 Aug 25,-144.07,Card ending 8723,,CREDIT CARD PURCHASE,AGL SALES 0308 MELBOURNE,-6901.03,Utilities,AGL,12 Aug 25
12 Aug 25,-68.99,Card ending 6690,,CREDIT CARD PURCHASE,VICROADS RECURRING KEW,-6756.96,Government,VicRoads,12 Aug 25
11 Aug 25,-85.00,Card ending 6690,,CREDIT CARD PURCHASE,TELSTRA SERVICES MELBOURNE,-6687.97,Phone & internet,Telstra,11 Aug 25
11 Aug 25,-0.15,Card ending     ,,FEES,NAB INTNL TRAN FEE - (SC),-6602.97,Fees,,11 Aug 25
11 Aug 25,-5.99,Card ending 6690,,CREDIT CARD PURCHASE,Google DTN APAC Barangaroo,-6602.82,Electronics & technology,Google Australia,11 Aug 25
11 Aug 25,-14.95,Card ending 6690,,CREDIT CARD PURCHASE,POCKETSMITH DUNEDIN,-6596.83,Uncategorised,,11 Aug 25
11 Aug 25,-20.14,Card ending 8723,,CREDIT CARD PURCHASE,LINKT MELBOURNE MELBOURNE,-6581.88,Travel expenses,Linkt,11 Aug 25
11 Aug 25,-20.14,Card ending 8723,,CREDIT CARD PURCHASE,LINKT MELBOURNE MELBOURNE,-6561.74,Travel expenses,Linkt,11 Aug 25
08 Aug 25,-55.41,Card ending 6690,,CREDIT CARD PURCHASE,BRIGHTE CAPITAL SYDNEY,-6541.60,Loans,Brighte,08 Aug 25
07 Aug 25,-784.20,Card ending 8723,,CREDIT CARD PURCHASE,DOCTORS HEALTH FND SYDNEY,-6486.19,Insurance,Doctors Health Fund,07 Aug 25
07 Aug 25,9500.00,Card ending 6690,,CREDIT CARD PAYMENT,INTERNET PAYMENT Linked Acc Trns,-5701.99,Internal transfers,,07 Aug 25
06 Aug 25,-18.99,Card ending 6690,,CREDIT CARD PURCHASE,Netflix.com Melbourne VIC,-15201.99,Subscriptions,Netflix,06 Aug 25
06 Aug 25,-2.99,Card ending 6690,,CREDIT CARD PURCHASE,AD FREE FOR PRIMEVIDEO SYDNEY,-15183.00,Subscriptions,Amazon Prime Video,06 Aug 25
06 Aug 25,-178.92,Card ending 8723,,CREDIT CARD PURCHASE,HOLLARD INSURANCE CHATSWOOD,-15180.01,Insurance,Hollard Insurance,06 Aug 25
06 Aug 25,-120.56,Card ending 8723,,CREDIT CARD PURCHASE,HOLLARD INSURANCE CHATSWOOD,-15001.09,Insurance,Hollard Insurance,06 Aug 25
06 Aug 25,-199.00,Card ending 8723,,CREDIT CARD PURCHASE,BAD BACKS NOBLE PARK NO,-14880.53,Homeware,Bad Backs (Hallam - Head Office),06 Aug 25
06 Aug 25,-140.51,Card ending 8723,,CREDIT CARD PURCHASE,HOLLARD INSURANCE CHATSWOOD,-14681.53,Insurance,Hollard Insurance,06 Aug 25
05 Aug 25,-85.00,Card ending 8723,,CREDIT CARD PURCHASE,FRESHWATER PLACE CP SOUTHBANK,-14541.02,Accommodation,Freshwater Place,05 Aug 25
05 Aug 25,-354.20,Card ending 8723,,CREDIT CARD PURCHASE,NIIM Clinic Hawthorn,-14456.02,Medical,Niim Clinic,05 Aug 25
05 Aug 25,1051.04,Card ending 6690,,CREDIT CARD PAYMENT,INTERNET PAYMENT Linked Acc Trns,-14101.82,Internal transfers,,05 Aug 25
04 Aug 25,-820.47,Card ending 8723,,CREDIT CARD PURCHASE,AGL SALES 0308 MELBOURNE,-15152.86,Utilities,AGL,04 Aug 25
04 Aug 25,-403.24,Card ending 6690,,CREDIT CARD PURCHASE,ZURICH AUSTRALIA LIMITED NORTH SYDNEY,-14332.39,Insurance,Zurich,04 Aug 25
04 Aug 25,-37.10,Card ending 8723,,CREDIT CARD PURCHASE,EZI*Hume City Council Craigieburn,-13929.15,Government,Hume City Council (Craigieburn),04 Aug 25
04 Aug 25,-117.35,Card ending 8723,,CREDIT CARD PURCHASE,DR JIM LUPTON SUNBURY,-13892.05,Uncategorised,,04 Aug 25
04 Aug 25,-67.75,Card ending 8723,,CREDIT CARD PURCHASE,SP SOMA CACAO PTY LTD. WONGALING BEA,-13774.70,Groceries,Soma Cacao,04 Aug 25
04 Aug 25,-30.90,Card ending 8723,,CREDIT CARD PURCHASE,Peterborough House Peterborough,-13706.95,Accommodation,Peterborough House,04 Aug 25
04 Aug 25,-3.32,Card ending 8723,,CREDIT CARD PURCHASE,INNOVATIVE RETAIL PTY BOX HILL SOUT,-13676.05,Attractions & events,Ride On! Entertainment,04 Aug 25
04 Aug 25,-43.15,Card ending 8723,,CREDIT CARD PURCHASE,TARGET 5226 SUNBURY,-13672.73,Other shopping,Target (Sunbury),04 Aug 25
04 Aug 25,-71.15,Card ending 8723,,CREDIT CARD PURCHASE,TARGET 5226 SUNBURY,-13629.58,Other shopping,Target (Sunbury),04 Aug 25
01 Aug 25,-26.93,Card ending 8723,,CREDIT CARD PURCHASE,PIT STOP BROS APOLLO BAY,-13558.43,Restaurants & takeaway,Pit Stop (Apollo Bay),01 Aug 25
01 Aug 25,-63.41,Card ending 8723,,CREDIT CARD PURCHASE,Pin* Goonawarra Medical CEssendon,-13531.50,Other shopping,Pin Payments,01 Aug 25
31 Jul 25,-2.00,Card ending 8723,,CREDIT CARD PURCHASE,HUME CITY COUNCIL SUNBURY,-13468.09,Travel expenses,Hume City Council (Sunbury Visitor Information Centre),31 Jul 25
31 Jul 25,-16.99,Card ending 6690,,CREDIT CARD PURCHASE,Google YouTubePremium Barangaroo,-13466.09,Subscriptions,YouTube,31 Jul 25
30 Jul 25,-177.44,Card ending 8723,,CREDIT CARD PURCHASE,Woolworths Online BELLA VISTA,-13449.10,Groceries,Woolworths Online,30 Jul 25
30 Jul 25,-27.27,Card ending 8723,,CREDIT CARD PURCHASE,Melbourne Airport Melbourne Air,-13271.66,Flights,Melbourne Airport,30 Jul 25
29 Jul 25,1627.65,Card ending 6690,,CREDIT CARD PAYMENT,INTERNET PAYMENT Linked Acc Trns,-13244.39,Internal transfers,,29 Jul 25
29 Jul 25,-94.88,Card ending 8723,,CREDIT CARD PURCHASE,DBS*Kiddie Cove Early Sunbury,-14872.04,Other shopping,Debitsuccess,29 Jul 25
29 Jul 25,-55.03,Card ending 8723,,CREDIT CARD PURCHASE,ALDI STORES SHELLHARBOUR,-14777.16,Groceries,ALDI (Shellharbour),29 Jul 25
29 Jul 25,-16.99,Card ending 8723,,CREDIT CARD PURCHASE,CHEMIST WAREHOUSE SUNBURY,-14722.13,Medical,Chemist Warehouse (Sunbury),29 Jul 25
29 Jul 25,-7.61,Card ending 8723,,CREDIT CARD PURCHASE,ZLR*M1FLATC Melbourne Air,-14705.14,Cafe & coffee,FlatChat,29 Jul 25
29 Jul 25,-41.15,Card ending 6690,,CREDIT CARD PURCHASE,SNAP FITNE* SNAP FITNE SUNBURY,-14697.53,Gym & fitness,Snap Fitness (Sunbury),29 Jul 25
29 Jul 25,-4.49,Card ending 8723,,CREDIT CARD PURCHASE,Google One Barangaroo,-14656.38,Electronics & technology,Google Australia,29 Jul 25
28 Jul 25,-15.00,Card ending 6690,,CREDIT CARD PURCHASE,Woolworths Online BELLA VISTA,-14651.89,Groceries,Woolworths Online,28 Jul 25
28 Jul 25,-16.45,Card ending 6690,,CREDIT CARD PURCHASE,Audible Limited AU MELBOURNE,-14636.89,Subscriptions,Audible,28 Jul 25
28 Jul 25,-49.00,Card ending 8723,,CREDIT CARD PURCHASE,TARGET 5226 SUNBURY,-14620.44,Other shopping,Target (Sunbury),28 Jul 25
28 Jul 25,-66.80,Card ending 8723,,CREDIT CARD PURCHASE,TARGET 5226 SUNBURY,-14571.44,Other shopping,Target (Sunbury),28 Jul 25
28 Jul 25,-32.20,Card ending 8723,,CREDIT CARD PURCHASE,GYG Sunbury Aberfeldie,-14504.64,Restaurants & takeaway,Guzman Y Gomez (Sunbury),28 Jul 25
28 Jul 25,-64.00,Card ending 8723,,CREDIT CARD PURCHASE,BIG W/HORNE STREET SUNBURY,-14472.44,Other shopping,BIG W (Sunbury),28 Jul 25
28 Jul 25,-9.99,Card ending 6690,,CREDIT CARD PURCHASE,AMZNPRIMEAU MEMBERSHIP SYDNEY SOUTH,-14408.44,Subscriptions,Amazon Prime Membership,28 Jul 25
28 Jul 25,-1.49,Card ending 8723,,CREDIT CARD PURCHASE,APPLE.COM/BILL SYDNEY,-14398.45,Subscriptions,Apple (App Store),28 Jul 25
28 Jul 25,-10.19,Card ending 8723,,CREDIT CARD PURCHASE,SQ *SPARKLE FRUIT Barwon heads,-14396.96,Other shopping,Square,28 Jul 25
28 Jul 25,60.00,Card ending 8723,,CREDIT CARD REFUND,BIGW ONLINE BELLA VISTA,-14386.77,Refund,BIG W,28 Jul 25
28 Jul 25,-149.38,Card ending 8723,,CREDIT CARD PURCHASE,Woolworths Online BELLA VISTA,-14446.77,Groceries,Woolworths Online,28 Jul 25
25 Jul 25,-20.57,Card ending 6690,,CREDIT CARD PURCHASE,MICROSOFT#G103385847 MSBILL.INFO,-14297.39,Electronics & technology,Microsoft,25 Jul 25
25 Jul 25,-55.41,Card ending 6690,,CREDIT CARD PURCHASE,BRIGHTE CAPITAL SYDNEY,-14276.82,Loans,Brighte,25 Jul 25
25 Jul 25,-1.00,Card ending 8723,,CREDIT CARD PURCHASE,HUME CITY COUNCIL SUNBURY,-14221.41,Travel expenses,Hume City Council (Sunbury Visitor Information Centre),25 Jul 25
25 Jul 25,-8.00,Card ending 8723,,CREDIT CARD PURCHASE,HUME CITY COUNCIL SUNBURY,-14220.41,Travel expenses,Hume City Council (Sunbury Visitor Information Centre),25 Jul 25
25 Jul 25,-20.14,Card ending 8723,,CREDIT CARD PURCHASE,LINKT MELBOURNE MELBOURNE,-14212.41,Travel expenses,Linkt,25 Jul 25
25 Jul 25,-44.99,Card ending 6690,,CREDIT CARD PURCHASE,Google One Barangaroo,-14192.27,Electronics & technology,Google Australia,25 Jul 25
24 Jul 25,-221.59,Card ending 8723,,CREDIT CARD PURCHASE,VICROADS RECURRING KEW,-14147.28,Government,VicRoads,24 Jul 25
23 Jul 25,1000.00,Card ending 6690,,CREDIT CARD PAYMENT,INTERNET PAYMENT Linked Acc Trns,-13925.69,Internal transfers,,23 Jul 25
23 Jul 25,-104.00,Card ending 8723,,CREDIT CARD PURCHASE,Woolworths Online BELLA VISTA,-14925.69,Groceries,Woolworths Online,23 Jul 25
23 Jul 25,-101.38,Card ending 8723,,CREDIT CARD PURCHASE,PLAYHQ* BASKETBALL MELBOURNE,-14821.69,Gym & fitness,PlayHQ,23 Jul 25
22 Jul 25,-156.88,Card ending 8723,,CREDIT CARD PURCHASE,CHEMIST WAREHOUSE SUNBURY,-14720.31,Medical,Chemist Warehouse (Sunbury),22 Jul 25
22 Jul 25,-9.60,Card ending 8723,,CREDIT CARD PURCHASE,MCDONALDS WARRNMBL CN WARRNAMBOOL,-14563.43,Restaurants & takeaway,McDonald's (Warrnambool Central),22 Jul 25
22 Jul 25,-55.75,Card ending 8723,,CREDIT CARD PURCHASE,MCDONALDS WARRNMBL CN WARRNAMBOOL,-14553.83,Restaurants & takeaway,McDonald's (Warrnambool Central),22 Jul 25
22 Jul 25,-45.74,Card ending 8723,,CREDIT CARD PURCHASE,DBS*Kiddie Cove Early Sunbury,-14498.08,Other shopping,Debitsuccess,22 Jul 25
22 Jul 25,-95.67,Card ending     ,,INTEREST CHARGED,INTEREST ON PURCHASE(S),-14452.34,Fees,,22 Jul 25
21 Jul 25,-37.10,Card ending 8723,,CREDIT CARD PURCHASE,EZI*Hume City Council Craigieburn,-14356.67,Government,Hume City Council (Craigieburn),21 Jul 25
21 Jul 25,-59.77,Card ending 8723,,CREDIT CARD PURCHASE,Goonawarra Medical Sunbury,-14319.57,Medical,Goonawarra Medical Centre,21 Jul 25
21 Jul 25,-255.48,Card ending 8723,,CREDIT CARD PURCHASE,Woolworths Online BELLA VISTA,-14259.80,Groceries,Woolworths Online,21 Jul 25
18 Jul 25,-100.58,Card ending 8723,,CREDIT CARD PURCHASE,SQ *THE TRUSTEE FOR METROMount Gambier,-14004.32,Other shopping,Square,18 Jul 25
17 Jul 25,-87.92,Card ending 8723,,CREDIT CARD PURCHASE,FEVER* TITANIC A VOYAG SYDNEY,-13903.74,Attractions & events,Fever,17 Jul 25
17 Jul 25,-66.69,Card ending 8723,,CREDIT CARD PURCHASE,Portland Strawberries PORTLAND,-13815.82,Groceries,Portland Strawberries,17 Jul 25
17 Jul 25,-32.50,Card ending 8723,,CREDIT CARD PURCHASE,Portland Leisure Portland,-13749.13,Gym & fitness,Belgravia Leisure (Portland Leisure),17 Jul 25
17 Jul 25,-44.65,Card ending 8723,,CREDIT CARD PURCHASE,MCDONALDS PORTLAND PORTLAND,-13716.63,Restaurants & takeaway,McDonald's (Portland),17 Jul 25
17 Jul 25,-21.10,Card ending 8723,,CREDIT CARD PURCHASE,Portland Leisure Portland,-13671.98,Gym & fitness,Belgravia Leisure (Portland Leisure),17 Jul 25
16 Jul 25,-18.99,Card ending 8723,,CREDIT CARD PURCHASE,APPLE.COM/BILL SYDNEY,-13650.88,Subscriptions,Apple (App Store),16 Jul 25
16 Jul 25,-22.98,Card ending 8723,,CREDIT CARD PURCHASE,PAVILION CAFE BAR WARRNAMBOOL,-13631.89,Cafe & coffee,Pavilion Cafe & Bar,16 Jul 25
16 Jul 25,-126.06,Card ending 8723,,CREDIT CARD PURCHASE,WOOLWORTHS/95-97B PERCY SPORTLAND,-13608.91,Groceries,Woolworths (Portland),16 Jul 25
15 Jul 25,-2.00,Card ending 8723,,CREDIT CARD PURCHASE,GSC LIBRARY PORTLAND,-13482.85,Education,,15 Jul 25
15 Jul 25,-41.15,Card ending 6690,,CREDIT CARD PURCHASE,SNAP FITNE* SNAP FITNE SUNBURY,-13480.85,Gym & fitness,Snap Fitness (Sunbury),15 Jul 25
15 Jul 25,-45.74,Card ending 8723,,CREDIT CARD PURCHASE,DBS*Kiddie Cove Early Sunbury,-13439.70,Other shopping,Debitsuccess,15 Jul 25
14 Jul 25,-41.30,Card ending 8723,,CREDIT CARD PURCHASE,WOOLWORTHS/95-97B PERCY SPORTLAND,-13393.96,Groceries,Woolworths (Portland),14 Jul 25
14 Jul 25,1000.00,Card ending 6690,,CREDIT CARD PAYMENT,INTERNET PAYMENT Linked Acc Trns,-13352.66,Internal transfers,,14 Jul 25
14 Jul 25,-20.12,Card ending 8723,,CREDIT CARD PURCHASE,BUNNINGS 734000 PORTLAND,-14352.66,Home improvements,Bunnings (Portland),14 Jul 25
14 Jul 25,-12.00,Card ending 8723,,CREDIT CARD PURCHASE,BWS LIQUOR/95-97B PERCY SPORTLAND,-14332.54,Alcohol,BWS (Portland),14 Jul 25
14 Jul 25,-35.15,Card ending 8723,,CREDIT CARD PURCHASE,SQ *BAHLOO PORTLAND Portland,-14320.54,Cafe & coffee,Cafe Bahloo (Portland),14 Jul 25
14 Jul 25,-67.88,Card ending 8723,,CREDIT CARD PURCHASE,AGL SALES 0308 MELBOURNE,-14285.39,Utilities,AGL,14 Jul 25
14 Jul 25,-127.60,Card ending 8723,,CREDIT CARD PURCHASE,WOOLWORTHS/95-97B PERCY SPORTLAND,-14217.51,Groceries,Woolworths (Portland),14 Jul 25
14 Jul 25,-48.50,Card ending 8723,,CREDIT CARD PURCHASE,Portland Strawberries PORTLAND,-14089.91,Groceries,Portland Strawberries,14 Jul 25
11 Jul 25,-55.41,Card ending 6690,,CREDIT CARD PURCHASE,BRIGHTE CAPITAL SYDNEY,-14041.41,Loans,Brighte,11 Jul 25
11 Jul 25,-225.24,Card ending 8723,,CREDIT CARD PURCHASE,Woolworths Online BELLA VISTA,-13986.00,Groceries,Woolworths Online,11 Jul 25
11 Jul 25,-48.00,Card ending 8723,,CREDIT CARD PURCHASE,KMART 3334 PORTLAND,-13760.76,Other shopping,Kmart (Portland),11 Jul 25
11 Jul 25,-85.00,Card ending 6690,,CREDIT CARD PURCHASE,TELSTRA SERVICES MELBOURNE,-13712.76,Phone & internet,Telstra,11 Jul 25
09 Jul 25,-165.47,Card ending 8723,,CREDIT CARD PURCHASE,Woolworths Online BELLA VISTA,-13627.76,Groceries,Woolworths Online,09 Jul 25
09 Jul 25,-20.00,Card ending     ,,FEES,LATE PAYMENT FEE,-13462.29,Fees,,09 Jul 25
09 Jul 25,-14.95,Card ending 6690,,CREDIT CARD PURCHASE,POCKETSMITH DUNEDIN,-13442.29,Uncategorised,,09 Jul 25
09 Jul 25,-0.15,Card ending     ,,FEES,NAB INTNL TRAN FEE - (SC),-13427.34,Fees,,09 Jul 25
08 Jul 25,-784.20,Card ending 8723,,CREDIT CARD PURCHASE,DOCTORS HEALTH FND SYDNEY,-13427.19,Insurance,Doctors Health Fund,08 Jul 25
08 Jul 25,-60.00,Card ending 8723,,CREDIT CARD PURCHASE,BIGW ONLINE BELLA VISTA,-12642.99,Other shopping,BIG W,08 Jul 25
08 Jul 25,-49.63,Card ending 8723,,CREDIT CARD PURCHASE,DBS*Kiddie Cove Early Sunbury,-12582.99,Other shopping,Debitsuccess,08 Jul 25
07 Jul 25,-510.00,Card ending 6690,,CREDIT CARD PURCHASE,TELSTRA BILL PAYMENT MELBOURNE,-12533.36,Phone & internet,Telstra,07 Jul 25
07 Jul 25,-2.99,Card ending 6690,,CREDIT CARD PURCHASE,AD FREE FOR PRIMEVIDEO SYDNEY,-12023.36,Subscriptions,Amazon Prime Video,07 Jul 25
07 Jul 25,-65.50,Card ending 8723,,CREDIT CARD PURCHASE,SQ *TA VALLETTA PASTA ONLSunbury,-12020.37,Other shopping,Square,07 Jul 25
07 Jul 25,-149.67,Card ending 8723,,CREDIT CARD PURCHASE,UNITED HEATHCOTE HEATHCOTE,-11954.87,Fuel,United Petroleum (Heathcote),07 Jul 25
07 Jul 25,-34.00,Card ending 8723,,CREDIT CARD PURCHASE,EZI*Hume City Council Craigieburn,-11805.20,Government,Hume City Council (Craigieburn),07 Jul 25
07 Jul 25,-18.99,Card ending 6690,,CREDIT CARD PURCHASE,NETFLIX.COM Melbourne,-11771.20,Subscriptions,Netflix,07 Jul 25
07 Jul 25,-3262.00,Card ending 6690,,CREDIT CARD PURCHASE,SPARTAN TYRE SUNBURY,-11752.21,Vehicle expenses,Spartan Tyre & Service Centre,07 Jul 25
04 Jul 25,-140.51,Card ending 8723,,CREDIT CARD PURCHASE,HOLLARD INSURANCE CHATSWOOD,-8490.21,Insurance,Hollard Insurance,04 Jul 25
04 Jul 25,-178.92,Card ending 8723,,CREDIT CARD PURCHASE,HOLLARD INSURANCE CHATSWOOD,-8349.70,Insurance,Hollard Insurance,04 Jul 25
04 Jul 25,-439.44,Card ending 8723,,CREDIT CARD PURCHASE,AGL SALES 0308 MELBOURNE,-8170.78,Utilities,AGL,04 Jul 25
04 Jul 25,-120.56,Card ending 8723,,CREDIT CARD PURCHASE,HOLLARD INSURANCE CHATSWOOD,-7731.34,Insurance,Hollard Insurance,04 Jul 25
03 Jul 25,-229.80,Card ending 8723,,CREDIT CARD PURCHASE,Woolworths Online BELLA VISTA,-7610.78,Groceries,Woolworths Online,03 Jul 25
02 Jul 25,-403.24,Card ending 6690,,CREDIT CARD PURCHASE,ZURICH AUSTRALIA LIMITED NORTH SYDNEY,-7380.98,Insurance,Zurich,02 Jul 25
01 Jul 25,-16.99,Card ending 6690,,CREDIT CARD PURCHASE,Google YouTubePremium Barangaroo,-6977.74,Subscriptions,YouTube,01 Jul 25
01 Jul 25,-41.15,Card ending 6690,,CREDIT CARD PURCHASE,SNAP FITNE* SNAP FITNE SUNBURY,-6960.75,Gym & fitness,Snap Fitness (Sunbury),01 Jul 25
01 Jul 25,-124.57,Card ending 8723,,CREDIT CARD PURCHASE,DBS*Kiddie Cove Early Sunbury,-6919.60,Other shopping,Debitsuccess,01 Jul 25