Date,Amount,Account Number,,Transaction Type,Transaction Details,Balance,Category,Merchant Name,Processed On
01 Mar 26,-8.00,Card ending 8003,,PURCHASE AUTHORISATION,SUNBURY LITTLE ATHLET Sunbury 036,-2894.30,Uncategorised,,
28 Feb 26,-10.50,Card ending 8003,,PURCHASE AUTHORISATION,Woolworths Online 1800000610 036,-2886.30,Groceries,Woolworths Online,
27 Feb 26,-52.67,Card ending 8003,,PURCHASE AUTHORISATION,AMAZON MARKETPLACE AU +61866216107 036,-2875.80,Other shopping,Amazon,
27 Feb 26,-9.00,Card ending 8003,,PURCHASE AUTHORISATION,BUNNINGS SUNBURY 6411 SUNBURY 036,-2823.13,Home improvements,Bunnings (Sunbury),
27 Feb 26,-105.32,Card ending 8003,,PURCHASE AUTHORISATION,Woolworths Online 1800000610 036,-2814.13,Groceries,Woolworths Online,
27 Feb 26,-11.99,Card ending 8003,,CREDIT CARD PURCHASE,Google Planner 5D AI Barangaroo,-2708.81,Electronics & technology,Google Australia,27 Feb 26
27 Feb 26,-10.15,Card ending 8003,,CREDIT CARD PURCHASE,DC & MC PTY LTD Dandenong,-2696.82,Restaurants & takeaway,Dumpling Chef,27 Feb 26
27 Feb 26,-50.00,Card ending 8003,,CREDIT CARD PURCHASE,Public Transport VictoriaDOCKLANDS,-2686.67,Public transport,Public Transport Victoria,27 Feb 26
26 Feb 26,-8.52,Card ending 8003,,CREDIT CARD PURCHASE,SQ *SHUJI SUSHI Melbourne,-2636.67,Restaurants & takeaway,"Shuji Sushi (Lonsdale St, Melbourne)",26 Feb 26
26 Feb 26,-7.21,Card ending 8003,,CREDIT CARD PURCHASE,SQ *SUPERNOVA COFFEE MAKEMelbourne,-2628.15,Cafe & coffee,Supernova coffee (Melbourne),26 Feb 26
26 Feb 26,-12.45,Card ending 8003,,CREDIT CARD PURCHASE,JUST GR CROSS PTY LT DOCKLANDS,-2620.94,Restaurants & takeaway,Red Rooster (Docklands),26 Feb 26
25 Feb 26,50.40,Card ending 8003,,CREDIT CARD REFUND,CAMP CRUSTY OPERATIONS BRIGHT,-2608.49,Refund,Camp Crusty Bright,25 Feb 26
24 Feb 26,-349.99,Card ending 8003,,CREDIT CARD PURCHASE,SNOWYS OUTDOORS TORRENSVILLE,-2658.89,Other shopping,Snowys Outdoors,24 Feb 26
24 Feb 26,-279.00,Card ending 8003,,CREDIT CARD PURCHASE,BUTCHERCROWD PTY LTD KEWARRA BEACH,-2308.90,Groceries,ButcherCrowd,24 Feb 26
23 Feb 26,-8.90,Card ending 8003,,CREDIT CARD PURCHASE,Casa de la bodega Portland,-2029.90,Restaurants & takeaway,Casa de la bodega,23 Feb 26
23 Feb 26,-4.00,Card ending 8003,,CREDIT CARD PURCHASE,SUNBURY LITTLE ATHLET Sunbury,-2021.00,Uncategorised,,23 Feb 26
23 Feb 26,-37.99,Card ending 8003,,CREDIT CARD PURCHASE,AMAZON MARKETPLACE AU SYDNEY,-2017.00,Other shopping,Amazon,23 Feb 26
23 Feb 26,-28.43,Card ending 8003,,CREDIT CARD PURCHASE,AMAZON RETA* AMAZON AU SYDNEY,-1979.01,Other shopping,Amazon,23 Feb 26
23 Feb 26,-26.00,Card ending 8003,,CREDIT CARD PURCHASE,SUNBURY LITTLE ATHLET Sunbury,-1950.58,Uncategorised,,23 Feb 26
23 Feb 26,-24.25,Card ending 8003,,CREDIT CARD PURCHASE,PORTLAND RSL BOWLS PORTLAND,-1924.58,Restaurants & takeaway,Portland RSL Memorial Bowling Club,23 Feb 26
23 Feb 26,-17.90,Card ending 8003,,CREDIT CARD PURCHASE,Casa de la bodega Portland,-1900.33,Restaurants & takeaway,Casa de la bodega,23 Feb 26
23 Feb 26,-15.05,Card ending 8003,,CREDIT CARD PURCHASE,PORTLAND RSL BOWLS PORTLAND,-1882.43,Restaurants & takeaway,Portland RSL Memorial Bowling Club,23 Feb 26
23 Feb 26,-12.00,Card ending 8003,,CREDIT CARD PURCHASE,SUNBURY LITTLE ATHLET Sunbury,-1867.38,Uncategorised,,23 Feb 26
23 Feb 26,-10.05,Card ending 8003,,CREDIT CARD PURCHASE,PORTLAND SERVO PTY LTD PORTLAND,-1855.38,Fuel,Metro Petroleum (Portland),23 Feb 26
23 Feb 26,-100.00,Card ending 8003,,CREDIT CARD PURCHASE,PORTLAND RSL BOWLS PORTLAND,-1845.33,Restaurants & takeaway,Portland RSL Memorial Bowling Club,23 Feb 26
23 Feb 26,-70.50,Card ending 8003,,CREDIT CARD PURCHASE,SQ *HOME GROWN PORT FAIRYPort Fairy,-1745.33,Other shopping,Square,23 Feb 26
23 Feb 26,1000.00,Card ending 8003,,CREDIT CARD PAYMENT,INTERNET PAYMENT Linked Acc Trns,-1674.83,Internal transfers,,23 Feb 26
19 Feb 26,-9.99,Card ending 8003,,CREDIT CARD PURCHASE,GOOGLE*AI CHAT STUDIO SYDNEY,-2674.83,Electronics & technology,Google Australia,19 Feb 26
19 Feb 26,-46.23,Card ending 8003,,CREDIT CARD PURCHASE,SQ *BAHLOO PORTLAND Portland,-2664.84,Cafe & coffee,Cafe Bahloo (Portland),19 Feb 26
19 Feb 26,-11.99,Card ending 8003,,CREDIT CARD PURCHASE,GOOGLE*PLANNER 5D AI SYDNEY,-2618.61,Electronics & technology,Google Australia,19 Feb 26
17 Feb 26,-17.33,Card ending 8003,,CREDIT CARD PURCHASE,LANDATA DOCKLANDS,-2606.62,Electronics & technology,Landata,17 Feb 26
17 Feb 26,-14.00,Card ending 8003,,CREDIT CARD PURCHASE,BP WOODEND 0020 WOODEND,-2589.29,Fuel,BP (Woodend),17 Feb 26
17 Feb 26,-13.03,Card ending 8003,,CREDIT CARD PURCHASE,ALDI STORES SUNBURY,-2575.29,Groceries,ALDI (Sunbury),17 Feb 26
16 Feb 26,-40.05,Card ending 8003,,CREDIT CARD PURCHASE,SQ *THE COURT COFFEE BAR Sunbury,-2562.26,Other shopping,Square,16 Feb 26
16 Feb 26,-16.95,Card ending 8003,,CREDIT CARD PURCHASE,JUST GR CROSS PTY LT DOCKLANDS,-2522.21,Restaurants & takeaway,Red Rooster (Docklands),16 Feb 26
16 Feb 26,-12.67,Card ending 8003,,CREDIT CARD PURCHASE,LS Fox in the Chamber Woodend,-2505.26,Cafe & coffee,Fox in the Chamber,16 Feb 26
16 Feb 26,-11.80,Card ending 8003,,CREDIT CARD PURCHASE,YIBOWANG PTY LTD MARIBYRNONG,-2492.59,Restaurants & takeaway,Yibowang Pty Ltd,16 Feb 26
16 Feb 26,-94.85,Card ending 8003,,CREDIT CARD PURCHASE,COLES 7616 WOODEND,-2480.79,Groceries,Coles (Main Street Woodend),16 Feb 26
16 Feb 26,-73.92,Card ending 8003,,CREDIT CARD PURCHASE,Wombat Hill House Cafe Daylesford,-2385.94,Cafe & coffee,Wombat Hill House,16 Feb 26
13 Feb 26,-9.25,Card ending 8003,,CREDIT CARD PURCHASE,MCDONALDS SUNBURY SUNBURY,-2312.02,Restaurants & takeaway,McDonald's (Sunbury),13 Feb 26
13 Feb 26,-34.00,Card ending 8003,,CREDIT CARD PURCHASE,Movenpick Melbourne FB Melbourne,-2302.77,Restaurants & takeaway,Movenpick Ice Cream (Melbourne Central),13 Feb 26
13 Feb 26,-16.85,Card ending 8003,,CREDIT CARD PURCHASE,MCDONALDS BOURKE ST MELBOURNE,-2268.77,Restaurants & takeaway,"McDonald's (Bourke St, Melbourne)",13 Feb 26
13 Feb 26,-16.75,Card ending 8003,,CREDIT CARD PURCHASE,ZLR*Greenstreat Lt Coll Melbourne,-2251.92,Restaurants & takeaway,Greenstreat (Albury),13 Feb 26
12 Feb 26,-24.36,Card ending 8003,,CREDIT CARD PURCHASE,LS The Stolen Gem Melbourne,-2235.17,Restaurants & takeaway,The Stolen Gem,12 Feb 26
10 Feb 26,-112.31,Card ending 8003,,CREDIT CARD PURCHASE,BUNNINGS 395000 SUNBURY,-2210.81,Home improvements,Bunnings (Sunbury),10 Feb 26
09 Feb 26,-4.00,Card ending 8003,,CREDIT CARD PURCHASE,SUNBURY LITTLE ATHLET Sunbury,-2098.50,Uncategorised,,09 Feb 26
09 Feb 26,-2.00,Card ending 8003,,CREDIT CARD PURCHASE,SUNBURY LITTLE ATHLET Sunbury,-2094.50,Uncategorised,,09 Feb 26
09 Feb 26,-46.00,Card ending 8003,,CREDIT CARD PURCHASE,YE OLDE MITRE TAVERN H MELBOURNE,-2092.50,Restaurants & takeaway,Mitre Tavern,09 Feb 26
09 Feb 26,-45.12,Card ending 8003,,CREDIT CARD PURCHASE,SQ *THE COURT COFFEE BAR Sunbury,-2046.50,Other shopping,Square,09 Feb 26
09 Feb 26,-27.30,Card ending 8003,,CREDIT CARD PURCHASE,REAL-DEBRID LEVALLOIS-PER,-2001.38,Electronics & technology,Real-Debrid,09 Feb 26
09 Feb 26,-0.27,Card ending 8003,,FEES,NAB INTNL TRAN FEE - (MC),-1974.08,Fees,,09 Feb 26
09 Feb 26,-21.99,Card ending 8003,,CREDIT CARD PURCHASE,AMAZON MARKETPLACE AU SYDNEY,-1973.81,Other shopping,Amazon,09 Feb 26
09 Feb 26,-18.99,Card ending 8003,,CREDIT CARD PURCHASE,AMAZON MARKETPLACE AU SYDNEY,-1951.82,Other shopping,Amazon,09 Feb 26
09 Feb 26,-13.00,Card ending 8003,,CREDIT CARD PURCHASE,SUNBURY LITTLE ATHLET Sunbury,-1932.83,Uncategorised,,09 Feb 26
09 Feb 26,-204.95,Card ending 8003,,CREDIT CARD PURCHASE,"McAfee.com mcafee.com/autMahon, Cork",-1919.83,Electronics & technology,McAfee,09 Feb 26
09 Feb 26,-2.05,Card ending 8003,,FEES,NAB INTNL TRAN FEE - (SC),-1714.88,Fees,,09 Feb 26
09 Feb 26,-148.90,Card ending 8003,,CREDIT CARD PURCHASE,Woolworths Online Bella Vista,-1712.83,Groceries,Woolworths Online,09 Feb 26
06 Feb 26,-5.70,Card ending 8003,,CREDIT CARD PURCHASE,WOOLWORTHS/25-47 HORNE STSUNBURY,-1563.93,Groceries,Woolworths (Sunbury),06 Feb 26
06 Feb 26,-17.76,Card ending 8003,,CREDIT CARD PURCHASE,Bread Sandwic/385 Bourke Melbourne,-1558.23,Restaurants & takeaway,Bread Sandwich Bar,06 Feb 26
06 Feb 26,-15.95,Card ending 8003,,CREDIT CARD PURCHASE,MCDONALDS BOURKE ST MELBOURNE,-1540.47,Restaurants & takeaway,"McDonald's (Bourke St, Melbourne)",06 Feb 26
06 Feb 26,-14.95,Card ending 8003,,CREDIT CARD PURCHASE,JUST GR CROSS PTY LT DOCKLANDS,-1524.52,Restaurants & takeaway,Red Rooster (Docklands),06 Feb 26
06 Feb 26,-14.36,Card ending 8003,,CREDIT CARD PURCHASE,Daniel's Southern Docklands,-1509.57,Cafe & coffee,Daniel's Donuts (Southern Cross),06 Feb 26
06 Feb 26,-50.00,Card ending 8003,,CREDIT CARD PURCHASE,Public Transport VictoriaDOCKLANDS,-1495.21,Public transport,Public Transport Victoria,06 Feb 26
05 Feb 26,-3.70,Card ending 8003,,CREDIT CARD PURCHASE,WOOLWORTHS/25-47 HORNE STSUNBURY,-1445.21,Groceries,Woolworths (Sunbury),05 Feb 26
04 Feb 26,-3.50,Card ending 8003,,CREDIT CARD PURCHASE,SNACKS R US WILLIAMSTOWN,-1441.51,Groceries,Snacks R' Us Vending,04 Feb 26
04 Feb 26,-1006.70,Card ending 8003,,CREDIT CARD PURCHASE,SPARTAN TYRE & MECH SUNBURY,-1438.01,Uncategorised,,04 Feb 26
03 Feb 26,-27.55,Card ending 8003,,CREDIT CARD PURCHASE,MCDONALDS ROSENTHAL SUNBURY,-431.31,Restaurants & takeaway,McDonald's (Rosenthal Village),03 Feb 26
02 Feb 26,-44.45,Card ending 8003,,CREDIT CARD PURCHASE,NOONE IMAGEWEAR NIDDRIE,-403.76,Clothing & accessories,Noone Imagewear,02 Feb 26
02 Feb 26,-44.41,Card ending 8003,,CREDIT CARD PURCHASE,CHEMIST WAREHOUSE SUNBURY,-359.31,Medical,Chemist Warehouse (Sunbury),02 Feb 26
02 Feb 26,-41.66,Card ending 8003,,CREDIT CARD PURCHASE,SQ *THE COURT COFFEE BAR Sunbury,-314.90,Other shopping,Square,02 Feb 26
02 Feb 26,-13.50,Card ending 8003,,CREDIT CARD PURCHASE,SUNBURY LITTLE ATHLET Sunbury,-273.24,Uncategorised,,02 Feb 26
30 Jan 26,-4.06,Card ending 8003,,CREDIT CARD PURCHASE,SQ *THE COURT COFFEE BAR Sunbury,-259.74,Other shopping,Square,30 Jan 26
30 Jan 26,-39.62,Card ending 8003,,CREDIT CARD PURCHASE,SQ *THE COURT COFFEE BAR Sunbury,-255.68,Other shopping,Square,30 Jan 26
30 Jan 26,-25.00,Card ending 8003,,CREDIT CARD PURCHASE,Garmin Eastern Creek,-216.06,Electronics & technology,Garmin Australasia,30 Jan 26
30 Jan 26,-20.34,Card ending 8003,,CREDIT CARD PURCHASE,ZLR*Burgertory (Spencer Docklands,-191.06,Restaurants & takeaway,Burgertory (Spencer St),30 Jan 26
30 Jan 26,-10.16,Card ending 8003,,CREDIT CARD PURCHASE,SQ *THE COURT COFFEE BAR Sunbury,-170.72,Other shopping,Square,30 Jan 26
29 Jan 26,2157.81,Card ending 8003,,CREDIT CARD PAYMENT,INTERNET PAYMENT Linked Acc Trns,-160.56,Internal transfers,,29 Jan 26
29 Jan 26,-4.90,Card ending 8003,,CREDIT CARD PURCHASE,WOOLWORTHS/25-47 HORNE STSUNBURY,-2318.37,Groceries,Woolworths (Sunbury),29 Jan 26
28 Jan 26,-37.41,Card ending 8003,,CREDIT CARD PURCHASE,GRILL EM STRATFORD,-2313.47,Restaurants & takeaway,Grill-em,28 Jan 26
28 Jan 26,-20.66,Card ending 8003,,CREDIT CARD PURCHASE,BP PAKENHAM SOUTH 9793 PAKENHAM SOUT,-2276.06,Fuel,BP (Pakenham South),28 Jan 26
28 Jan 26,-12.12,Card ending 8003,,CREDIT CARD PURCHASE,TATHRA HOTEL TATHRA,-2255.40,Accommodation,Tathra Hotel,28 Jan 26
28 Jan 26,-5.49,Card ending 8003,,CREDIT CARD PURCHASE,BP PAKENHAM SOUTH 9793 PAKENHAM SOUT,-2243.28,Fuel,BP (Pakenham South),28 Jan 26
28 Jan 26,-79.98,Card ending 8168,,CREDIT CARD PURCHASE,Rebel unknown,-2237.79,Uncategorised,,28 Jan 26
27 Jan 26,-24.99,Card ending 8003,,CREDIT CARD PURCHASE,BOSS OUTDOOR MERIMBULA,-2157.81,Homeware,Boss Outdoor (Merimbula),27 Jan 26
27 Jan 26,-50.00,Card ending 8003,,CREDIT CARD PURCHASE,SQ *MITCHIES JETTY - SUP Merimbula,-2132.82,Other shopping,Square,27 Jan 26
27 Jan 26,-58.94,Card ending 8003,,CREDIT CARD PURCHASE,SAPPHIRE CELLARS MERIMBULA,-2082.82,Alcohol,Sapphire Cellars,27 Jan 26
27 Jan 26,-14.22,Card ending 8003,,CREDIT CARD PURCHASE,SQ *FLEETWOOD COFFEE Merimbula,-2023.88,Cafe & coffee,Fleetwood Coffee,27 Jan 26
27 Jan 26,-7.22,Card ending 8003,,CREDIT CARD PURCHASE,SMP*INTHEMIX BAKERY AN0 MERIMBULA,-2009.66,Cafe & coffee,Inthemix Bakery & Cafe,27 Jan 26
27 Jan 26,-28.00,Card ending 8003,,CREDIT CARD PURCHASE,SQ *MITCHIES JETTY - SUP Merimbula,-2002.44,Other shopping,Square,27 Jan 26
27 Jan 26,-279.00,Card ending 8003,,CREDIT CARD PURCHASE,BUTCHERCROWD PTY LTD KEWARRA BEACH,-1974.44,Groceries,ButcherCrowd,27 Jan 26
27 Jan 26,-59.65,Card ending 8003,,CREDIT CARD PURCHASE,ROSSIS DELI AND CAFE JINDABYNE,-1695.44,Cafe & coffee,Rossi's Deli & Cafe,27 Jan 26
23 Jan 26,-7.11,Card ending 8003,,CREDIT CARD PURCHASE,SQ *FLEETWOOD COFFEE Merimbula,-1635.79,Cafe & coffee,Fleetwood Coffee,23 Jan 26
23 Jan 26,-91.00,Card ending 8003,,CREDIT CARD PURCHASE,SQ *MEZCALS TEQUILA BAR &Merimbula,-1628.68,Other shopping,Square,23 Jan 26
22 Jan 26,-30.45,Card ending 8003,,CREDIT CARD PURCHASE,THE WATERFRONT CAFE Merimbula,-1537.68,Restaurants & takeaway,The Waterfront Cafe,22 Jan 26
22 Jan 26,-7.11,Card ending 8003,,CREDIT CARD PURCHASE,SQ *FLEETWOOD COFFEE Merimbula,-1507.23,Cafe & coffee,Fleetwood Coffee,22 Jan 26
22 Jan 26,-65.06,Card ending 8003,,CREDIT CARD PURCHASE,SMP*MERIMBULA FISH AN0 MERIMBULA,-1500.12,Restaurants & takeaway,Merimbula Fish & Chips,22 Jan 26
22 Jan 26,699.00,Card ending 8003,,CREDIT CARD REFUND,AMAZON RETA* AMAZON AU SYDNEY,-1435.06,Refund,Amazon,22 Jan 26
21 Jan 26,-6.16,Card ending 8003,,CREDIT CARD PURCHASE,back street bake house MERIMBULA,-2134.06,Restaurants & takeaway,Backstreet Bakehouse,21 Jan 26
21 Jan 26,-8.71,Card ending 8168,,CREDIT CARD PURCHASE,FACEBK *X2ZQ4CDZN2 fb.me/ads,-2127.90,Electronics & technology,Facebook,21 Jan 26
21 Jan 26,-6.51,Card ending 8003,,CREDIT CARD PURCHASE,SMP*INTHEMIX BAKERY AN0 MERIMBULA,-2119.19,Cafe & coffee,Inthemix Bakery & Cafe,21 Jan 26
21 Jan 26,-12.70,Card ending 8003,,CREDIT CARD PURCHASE,SQ *FLEETWOOD COFFEE Merimbula,-2112.68,Cafe & coffee,Fleetwood Coffee,21 Jan 26
21 Jan 26,-6.48,Card ending 8003,,CREDIT CARD PURCHASE,LS MorMors Pty Ltd Merimbula,-2099.98,Cafe & coffee,Mormors,21 Jan 26
21 Jan 26,-0.09,Card ending     ,,FEES,NAB INTNL TRAN FEE - (SC),-2093.50,Fees,,21 Jan 26
20 Jan 26,-139.00,Card ending 8003,,CREDIT CARD PURCHASE,AGA ROADASSIST BRISBANE,-2093.41,Insurance,Allianz Global Assistance (Brisbane),20 Jan 26
20 Jan 26,-44.57,Card ending 8003,,CREDIT CARD PURCHASE,SMP*CANN RIVER BAKERYC0 CANN RIVER,-1954.41,Groceries,Cann River Bakery,20 Jan 26
20 Jan 26,-27.28,Card ending 8003,,CREDIT CARD PURCHASE,DCO MERIMBULA MERIMBULA,-1909.84,Medical,Direct Chemist Outlet (Merimbula),20 Jan 26
20 Jan 26,-9.14,Card ending 8003,,CREDIT CARD PURCHASE,SQ *THE MERIMBULA ICE CREMerimbula,-1882.56,Restaurants & takeaway,Merimbula Ice Creamery,20 Jan 26
19 Jan 26,-10.90,Card ending 8003,,CREDIT CARD PURCHASE,BUNNINGS 741000 BAIRNSDALE,-1873.42,Home improvements,Bunnings (Bairnsdale),19 Jan 26
19 Jan 26,-5.80,Card ending 8003,,CREDIT CARD PURCHASE,UNITED CANN RIVER CANN RIVER,-1862.52,Fuel,United Petroleum (Cann River),19 Jan 26
19 Jan 26,-13.21,Card ending 8003,,CREDIT CARD PURCHASE,SQ *FLEETWOOD COFFEE Merimbula,-1856.72,Cafe & coffee,Fleetwood Coffee,19 Jan 26
19 Jan 26,-17.50,Card ending 8003,,CREDIT CARD PURCHASE,AUSTRALIAN VOLUNTEER PAYNESVILLE,-1843.51,Uncategorised,,19 Jan 26
16 Jan 26,-5.06,Card ending 8168,,CREDIT CARD PURCHASE,LITTLE VILLAGE AUSTRAL SUNBURY,-1826.01,Attractions & events,Little Village Play,16 Jan 26
15 Jan 26,-28.40,Card ending 8168,,CREDIT CARD PURCHASE,ZLR*Abba barbers Sunbury,-1820.95,Uncategorised,,15 Jan 26
15 Jan 26,-53.74,Card ending 8168,,CREDIT CARD PURCHASE,BALL COURT HOTEL SUNBURY,-1792.55,Restaurants & takeaway,Ball Court Hotel,15 Jan 26
15 Jan 26,-39.16,Card ending 8168,,CREDIT CARD PURCHASE,CHEMIST WAREHOUSE SUNBURY,-1738.81,Medical,Chemist Warehouse (Sunbury),15 Jan 26
14 Jan 26,-42.98,Card ending 8168,,CREDIT CARD PURCHASE,CHEMIST WAREHOUSE SUNBURY,-1699.65,Medical,Chemist Warehouse (Sunbury),14 Jan 26
14 Jan 26,-101.38,Card ending 8168,,CREDIT CARD PURCHASE,PLAYHQ* PLAYHQ.COM - B MELBOURNE,-1656.67,Gym & fitness,PlayHQ,14 Jan 26
13 Jan 26,-14.99,Card ending 8003,,CREDIT CARD PURCHASE,AMAZON RETA* AMAZON AU SYDNEY,-1555.29,Other shopping,Amazon,13 Jan 26
13 Jan 26,-127.75,Card ending 8168,,CREDIT CARD PURCHASE,7-ELEVEN 1161 SUNBURY,-1540.30,Fuel,7-Eleven (Sunbury),13 Jan 26
12 Jan 26,-125.00,Card ending 8003,,CREDIT CARD PURCHASE,SQ *PIG AND WHISTLE HOTELTrentham East,-1412.55,Restaurants & takeaway,Pig & Whistle Hotel,12 Jan 26
09 Jan 26,-9.25,Card ending 8003,,CREDIT CARD PURCHASE,WOOLWORTHS/25-47 HORNE STSUNBURY,-1287.55,Groceries,Woolworths (Sunbury),09 Jan 26
09 Jan 26,-0.12,Card ending     ,,FEES,NAB INTNL TRAN FEE - (SC),-1278.30,Fees,,09 Jan 26
09 Jan 26,-1.00,Card ending 8003,,CREDIT CARD PURCHASE,Public Transport VictoriaDOCKLANDS,-1278.18,Public transport,Public Transport Victoria,09 Jan 26
09 Jan 26,-12.10,Card ending 8168,,CREDIT CARD PURCHASE,FACEBK *EJVMKBHYN2 fb.me/ads,-1277.18,Electronics & technology,Facebook,09 Jan 26
09 Jan 26,-56.00,Card ending 8003,,CREDIT CARD PURCHASE,MYKI SUNBURY RS SUY SUNBURY,-1265.08,Public transport,Myki (Sunbury Station),09 Jan 26
09 Jan 26,-6.61,Card ending 8003,,CREDIT CARD PURCHASE,Galleria Crema Cafe MELBOURNE,-1209.08,Cafe & coffee,Crema Cafe Galleria,09 Jan 26
09 Jan 26,-17.85,Card ending 8003,,CREDIT CARD PURCHASE,Bread Sandwic/385 Bourke Melbourne,-1202.47,Restaurants & takeaway,Bread Sandwich Bar,09 Jan 26
09 Jan 26,-6.86,Card ending 8003,,CREDIT CARD PURCHASE,TIGERS DEN MELBOURNE BALWYN NORTH,-1184.62,Cafe & coffee,Tigers Den,09 Jan 26
08 Jan 26,40.00,Card ending 8003,,CREDIT CARD REFUND,Under Armour Melbourne Melbourne,-1177.76,Refund,Under Armour (Melbourne Central),08 Jan 26
08 Jan 26,-29.99,Card ending 8003,,CREDIT CARD PURCHASE,AMAZON MARKETPLACE AU SYDNEY,-1217.76,Other shopping,Amazon,08 Jan 26
08 Jan 26,-13.10,Card ending 8003,,CREDIT CARD PURCHASE,INDUSTRYBEANS Fitzroy,-1187.77,Cafe & coffee,Industry Beans (Fitzroy - Head Office),08 Jan 26
08 Jan 26,-6.86,Card ending 8003,,CREDIT CARD PURCHASE,TIGERS DEN MELBOURNE BALWYN NORTH,-1174.67,Cafe & coffee,Tigers Den,08 Jan 26
08 Jan 26,-8.12,Card ending 8003,,CREDIT CARD PURCHASE,DC & MC PTY LTD Dandenong,-1167.81,Restaurants & takeaway,Dumpling Chef,08 Jan 26
07 Jan 26,-24.70,Card ending 8003,,CREDIT CARD PURCHASE,AMAZON RETA* AMAZON AU SYDNEY,-1159.69,Other shopping,Amazon,07 Jan 26
06 Jan 26,-12.10,Card ending 8168,,CREDIT CARD PURCHASE,FACEBK *5GDHXN9ZN2 fb.me/ads,-1134.99,Electronics & technology,Facebook,06 Jan 26
06 Jan 26,-0.12,Card ending     ,,FEES,NAB INTNL TRAN FEE - (SC),-1122.89,Fees,,06 Jan 26
06 Jan 26,-6.63,Card ending 8003,,CREDIT CARD PURCHASE,BUNNINGS 395000 SUNBURY,-1122.77,Home improvements,Bunnings (Sunbury),06 Jan 26
06 Jan 26,-140.79,Card ending 8003,,CREDIT CARD PURCHASE,BUNNINGS 395000 SUNBURY,-1116.14,Home improvements,Bunnings (Sunbury),06 Jan 26
06 Jan 26,-45.59,Card ending 8003,,CREDIT CARD PURCHASE,AMAZON MARKETPLACE AU SYDNEY,-975.35,Other shopping,Amazon,06 Jan 26
05 Jan 26,-12.10,Card ending 8168,,CREDIT CARD PURCHASE,FACEBK *GV4W4BHYN2 fb.me/ads,-929.76,Electronics & technology,Facebook,05 Jan 26
05 Jan 26,-21.40,Card ending 8003,,CREDIT CARD PURCHASE,MELBOURNE ZOO PARKVILLE,-917.66,Attractions & events,Zoos Victoria,05 Jan 26
05 Jan 26,-0.12,Card ending     ,,FEES,NAB INTNL TRAN FEE - (SC),-896.26,Fees,,05 Jan 26
05 Jan 26,-10.50,Card ending 8003,,CREDIT CARD PURCHASE,SQ *SUNBURY WOODWORKERS Riddells Cree,-896.14,Other shopping,Square,05 Jan 26
02 Jan 26,3767.92,Card ending 8003,,CREDIT CARD PAYMENT,INTERNET PAYMENT Linked Acc Trns,-885.64,Internal transfers,,02 Jan 26
02 Jan 26,-122.00,Card ending 8003,,CREDIT CARD PURCHASE,Bulk Nutrients 61362664725,-4653.56,Groceries,Bulk Nutrients,02 Jan 26
31 Dec 25,-55.99,Card ending 8003,,CREDIT CARD PURCHASE,AMAZON MARKETPLACE AU SYDNEY,-4531.56,Other shopping,Amazon,31 Dec 25
31 Dec 25,-33.99,Card ending 8003,,CREDIT CARD PURCHASE,AMAZON MARKETPLACE AU SYDNEY,-4475.57,Other shopping,Amazon,31 Dec 25
31 Dec 25,-51.44,Card ending 8003,,CREDIT CARD PURCHASE,AMAZON MARKETPLACE AU SYDNEY,-4441.58,Other shopping,Amazon,31 Dec 25
31 Dec 25,-18.99,Card ending 8003,,CREDIT CARD PURCHASE,AMAZON MARKETPLACE AU SYDNEY,-4390.14,Other shopping,Amazon,31 Dec 25
30 Dec 25,-25.00,Card ending 8003,,CREDIT CARD PURCHASE,Garmin Eastern Creek,-4371.15,Electronics & technology,Garmin Australasia,30 Dec 25
29 Dec 25,-0.11,Card ending     ,,FEES,NAB INTNL TRAN FEE - (SC),-4346.15,Fees,,29 Dec 25
29 Dec 25,-12.10,Card ending 8168,,CREDIT CARD PURCHASE,FACEBK *8WKF8DRYN2 fb.me/ads,-4346.04,Electronics & technology,Facebook,29 Dec 25
29 Dec 25,-17.57,Card ending 8003,,CREDIT CARD PURCHASE,eBay O*08-14013-87540 INTERNET,-4333.94,Other shopping,eBay,29 Dec 25
29 Dec 25,-134.27,Card ending 8003,,CREDIT CARD PURCHASE,BUNNINGS 395000 SUNBURY,-4316.37,Home improvements,Bunnings (Sunbury),29 Dec 25
29 Dec 25,-194.89,Card ending 8003,,CREDIT CARD PURCHASE,DAN MURPHY'S/17-23 HORNE SUNBURY,-4182.10,Alcohol,Dan Murphy's (Sunbury Square),29 Dec 25
29 Dec 25,-69.67,Card ending 8003,,CREDIT CARD PURCHASE,BUNNINGS 395000 SUNBURY,-3987.21,Home improvements,Bunnings (Sunbury),29 Dec 25
29 Dec 25,-11.00,Card ending 8168,,CREDIT CARD PURCHASE,FACEBK *NAPGCAHYN2 fb.me/ads,-3917.54,Electronics & technology,Facebook,29 Dec 25
29 Dec 25,-11.65,Card ending 8003,,CREDIT CARD PURCHASE,MCDONALDS ROSENTHAL SUNBURY,-3906.54,Restaurants & takeaway,McDonald's (Rosenthal Village),29 Dec 25
29 Dec 25,-42.60,Card ending 8003,,CREDIT CARD PURCHASE,WOOLWORTHS/25-47 HORNE STSUNBURY,-3894.89,Groceries,Woolworths (Sunbury),29 Dec 25
29 Dec 25,-10.50,Card ending 8003,,CREDIT CARD PURCHASE,BP AA OFFICER INBND 7010 OFFICER SOUTH,-3852.29,Fuel,BP (AA Officer Inbound),29 Dec 25
29 Dec 25,-68.50,Card ending 8003,,CREDIT CARD PURCHASE,BIG W/HORNE STREET SUNBURY,-3841.79,Other shopping,BIG W (Sunbury),29 Dec 25
29 Dec 25,-5.25,Card ending 8003,,CREDIT CARD PURCHASE,SMP*Ampol Tremont e2 Tremont,-3773.29,Fuel,Ampol,29 Dec 25
29 Dec 25,-0.12,Card ending     ,,FEES,NAB INTNL TRAN FEE - (SC),-3768.04,Fees,,29 Dec 25
24 Dec 25,-99.97,Card ending 8003,,CREDIT CARD PURCHASE,ANACONDA WTRGRDENS TAYLORS LAKES,-3767.92,Other shopping,Anaconda (Watergardens Town Centre),24 Dec 25
24 Dec 25,-4.58,Card ending 8003,,CREDIT CARD PURCHASE,Grantville Pantry GRANTVILLE,-3667.95,Cafe & coffee,Grantville Pantry,24 Dec 25
24 Dec 25,-14.59,Card ending 8003,,CREDIT CARD PURCHASE,AMAZON RETA* AMAZON AU SYDNEY,-3663.37,Other shopping,Amazon,24 Dec 25
23 Dec 25,-95.55,Card ending 8003,,CREDIT CARD PURCHASE,KATANDRA HOLDINGS PTY LTDCAPE WOOLAMAI,-3648.78,Alcohol,Food & Liquor Express (Cape Woolamai),23 Dec 25
23 Dec 25,-44.95,Card ending 8003,,CREDIT CARD PURCHASE,AMAZON MARKETPLACE AU SYDNEY,-3553.23,Other shopping,Amazon,23 Dec 25
23 Dec 25,-13.21,Card ending 8003,,CREDIT CARD PURCHASE,SQ *MAMACITA'S COFFEE San Remo,-3508.28,Other shopping,Square,23 Dec 25
23 Dec 25,-29.19,Card ending 8003,,CREDIT CARD PURCHASE,AMAZON RETA* AMAZON AU SYDNEY,-3495.07,Other shopping,Amazon,23 Dec 25
23 Dec 25,-34.89,Card ending 8003,,CREDIT CARD PURCHASE,AMAZON RETA* AMAZON AU SYDNEY,-3465.88,Other shopping,Amazon,23 Dec 25
22 Dec 25,-32.99,Card ending 8003,,CREDIT CARD PURCHASE,UDEMY: ONLINE COURSES UDEMY.COM CA,-3430.99,Uncategorised,,22 Dec 25
22 Dec 25,-699.00,Card ending 8003,,CREDIT CARD PURCHASE,AMAZON RETA* AMAZON AU SYDNEY,-3398.00,Other shopping,Amazon,22 Dec 25
22 Dec 25,-11.50,Card ending 8003,,CREDIT CARD PURCHASE,MCDONALDS SUNBURY SUNBURY,-2699.00,Restaurants & takeaway,McDonald's (Sunbury),22 Dec 25
22 Dec 25,-0.33,Card ending     ,,FEES,NAB INTNL TRAN FEE - (SC),-2687.50,Fees,,22 Dec 25
22 Dec 25,-62.82,Card ending 8003,,CREDIT CARD PURCHASE,eBay O*07-14005-24764 INTERNET,-2687.17,Other shopping,eBay,22 Dec 25
22 Dec 25,-20.00,Card ending 8003,,CREDIT CARD PURCHASE,MYKI PAYMENTS MELBOURNE,-2624.35,Public transport,Myki Payments,22 Dec 25
22 Dec 25,-6.99,Card ending 8003,,CREDIT CARD PURCHASE,NEXTRA SUNBURY SUNBURY,-2604.35,Media,Nextra (Sunbury),22 Dec 25
22 Dec 25,-11.95,Card ending 8003,,CREDIT CARD PURCHASE,KFC Spencer Street Spencer Stree,-2597.36,Restaurants & takeaway,KFC (Spencer St),22 Dec 25
22 Dec 25,-18.77,Card ending 8003,,CREDIT CARD PURCHASE,UBER *TRIP HELP.UBER.COM Sydney,-2585.41,Taxis & ride shares,Uber,22 Dec 25
22 Dec 25,-38.72,Card ending 8003,,CREDIT CARD PURCHASE,UBER *TRIP HELP.UBER.COM Sydney,-2566.64,Taxis & ride shares,Uber,22 Dec 25
22 Dec 25,-179.30,Card ending 8168,,CREDIT CARD PURCHASE,COASTAL CONTACTS AUS KEMPS CREEK,-2527.92,Medical,Clearly,22 Dec 25
19 Dec 25,-742.95,Card ending 8003,,CREDIT CARD PURCHASE,HUME CITY COUNCIL BROADMEADOWS,-2348.62,Government,Hume City Council,19 Dec 25
19 Dec 25,-266.50,Card ending 8003,,CREDIT CARD PURCHASE,BUPA DENTAL - BOURKE STREMELBOURNE,-1605.67,Medical,"Bupa Dental (Bourke St, Melbourne)",19 Dec 25
18 Dec 25,-17.80,Card ending 8003,,CREDIT CARD PURCHASE,SQ *PB(FLINDERS LA) Melbourne,-1339.17,Other shopping,Square,18 Dec 25
18 Dec 25,166.80,Card ending 8168,,CREDIT CARD REFUND,COASTAL CONTACTS AUS KEMPS CREEK,-1321.37,Refund,Clearly,18 Dec 25
18 Dec 25,-57.65,Card ending 8003,,CREDIT CARD PURCHASE,EVELYN FAYE NUTRITIONAL HMELBOURNE,-1488.17,Medical,Evelyn Faye Nutrition (Melbourne),18 Dec 25
17 Dec 25,-84.95,Card ending 8003,,CREDIT CARD PURCHASE,AMAZON MARKETPLACE AU SYDNEY,-1430.52,Other shopping,Amazon,17 Dec 25
17 Dec 25,-220.11,Card ending 8003,,CREDIT CARD PURCHASE,AMAZON MARKETPLACE AU SYDNEY,-1345.57,Other shopping,Amazon,17 Dec 25
17 Dec 25,1000.00,Card ending 8003,,CREDIT CARD PAYMENT,INTERNET PAYMENT Linked Acc Trns,-1125.46,Internal transfers,,17 Dec 25
16 Dec 25,-15.45,Card ending 8003,,CREDIT CARD PURCHASE,MCDONALDS CALDER SOU KEILOR NORTH,-2125.46,Restaurants & takeaway,McDonald's (Calder Highway South),16 Dec 25
16 Dec 25,-96.80,Card ending 8003,,CREDIT CARD PURCHASE,Bulk Nutrients 61362664725,-2110.01,Groceries,Bulk Nutrients,16 Dec 25
15 Dec 25,-20.00,Card ending 8003,,CREDIT CARD PURCHASE,MYKI PAYMENTS MELBOURNE,-2013.21,Public transport,Myki Payments,15 Dec 25
15 Dec 25,-12.18,Card ending 8003,,CREDIT CARD PURCHASE,NSSC PTY LTD MELBOURNE,-1993.21,Restaurants & takeaway,Network Sports Bar,15 Dec 25
15 Dec 25,-14.24,Card ending 8003,,CREDIT CARD PURCHASE,AIRPORT ICE CREAM & KEBABGREENVALE,-1981.03,Restaurants & takeaway,Airport Ice Cream,15 Dec 25
15 Dec 25,-1.09,Card ending     ,,FEES,NAB INTNL TRAN FEE - (SC),-1966.79,Fees,,15 Dec 25
15 Dec 25,-4.10,Card ending 8003,,CREDIT CARD PURCHASE,EasyPark PRAHRAN,-1965.70,Parking & tolls,EasyPark,15 Dec 25
15 Dec 25,-6.99,Card ending 8003,,CREDIT CARD PURCHASE,YINEYARD RD PHARMACY SUNBURY,-1961.60,Medical,,15 Dec 25
15 Dec 25,-35.49,Card ending 8003,,CREDIT CARD PURCHASE,LS The Court Coffee Ba Sunbury,-1954.61,Cafe & coffee,The Court Coffee Bar,15 Dec 25
15 Dec 25,-11.90,Card ending 8003,,CREDIT CARD PURCHASE,A & C GROUP PTY LTD MELBOURNE,-1919.12,Restaurants & takeaway,Soul Origin (Melbourne Galleria),15 Dec 25
15 Dec 25,-8.00,Card ending 8003,,CREDIT CARD PURCHASE,SUNBURY LITTLE ATHLET Sunbury,-1907.22,Uncategorised,,15 Dec 25
15 Dec 25,-109.26,Card ending 8003,,CREDIT CARD PURCHASE,iHerb Netherlands B.V. iherb.com,-1899.22,Medical,iHerb (Netherlands),15 Dec 25
12 Dec 25,-11.00,Card ending 8003,,CREDIT CARD PURCHASE,HUME CITY COUNCIL SUNBURY,-1789.96,Travel expenses,Hume City Council (Sunbury Visitor Information Centre),12 Dec 25
12 Dec 25,-178.48,Card ending 8168,,CREDIT CARD PURCHASE,Hotel at Booking.com Sydney,-1778.96,Travel expenses,Booking.com,12 Dec 25
11 Dec 25,-450.00,Card ending 8003,,CREDIT CARD PURCHASE,WWW.4WDDEPOT.COM.AU BAYSWATER,-1600.48,Vehicle expenses,The 4wd Depot,11 Dec 25
10 Dec 25,-11.00,Card ending 8003,,CREDIT CARD PURCHASE,SUSHI HUB MELB CNTRL MELBOURNE,-1150.48,Restaurants & takeaway,Sushi Hub (Melbourne Central),10 Dec 25
10 Dec 25,-3.50,Card ending 8003,,CREDIT CARD PURCHASE,SNACKS R US WILLIAMSTOWN,-1139.48,Groceries,Snacks R' Us Vending,10 Dec 25
09 Dec 25,-14.81,Card ending 8003,,CREDIT CARD PURCHASE,ALDI STORES SUNBURY,-1135.98,Groceries,ALDI (Sunbury),09 Dec 25
08 Dec 25,-32.07,Card ending 8003,,CREDIT CARD PURCHASE,UBER *TRIP HELP.UBER.COM Sydney,-1121.17,Taxis & ride shares,Uber,08 Dec 25
08 Dec 25,-41.00,Card ending 8003,,CREDIT CARD PURCHASE,BIG W/399 MELTON HIGHWAY TAYLORS LAKES,-1089.10,Other shopping,BIG W (Watergardens),08 Dec 25
08 Dec 25,-85.26,Card ending 8003,,CREDIT CARD PURCHASE,CAMP CRUSTY OPERATIONS BRIGHT,-1048.10,Accommodation,Camp Crusty Bright,08 Dec 25
08 Dec 25,-11.50,Card ending 8003,,CREDIT CARD PURCHASE,MCDONALDS SUNBURY SUNBURY,-962.84,Restaurants & takeaway,McDonald's (Sunbury),08 Dec 25
08 Dec 25,-20.00,Card ending 8003,,CREDIT CARD PURCHASE,MYKI PAYMENTS MELBOURNE,-951.34,Public transport,Myki Payments,08 Dec 25
08 Dec 25,-8.00,Card ending 8003,,CREDIT CARD PURCHASE,SUNBURY LITTLE ATHLET Sunbury,-931.34,Uncategorised,,08 Dec 25
08 Dec 25,-283.00,Card ending 8003,,CREDIT CARD PURCHASE,Mecca Brands Pty Ltd Richmond,-923.34,Personal care,Mecca,08 Dec 25
08 Dec 25,-490.00,Card ending 8003,,CREDIT CARD PURCHASE,BUFFALOSTAMPEDE UMINA BEACH,-640.34,Uncategorised,,08 Dec 25
08 Dec 25,-52.00,Card ending 8003,,CREDIT CARD PURCHASE,SUNBURY LITTLE ATHLET Sunbury,-150.34,Uncategorised,,08 Dec 25
08 Dec 25,-10.50,Card ending 8003,,CREDIT CARD PURCHASE,ATLAS WORLD PTY LTD BUNDOORA,-98.34,Gym & fitness,Atlas World Pty Ltd,08 Dec 25
08 Dec 25,-7.00,Card ending 8003,,CREDIT CARD PURCHASE,SUNBURY LITTLE ATHLET Sunbury,-87.84,Uncategorised,,08 Dec 25
05 Dec 25,-24.36,Card ending 8003,,CREDIT CARD PURCHASE,The Charles Dickens T Melbourne,-80.84,Restaurants & takeaway,Charles Dickens Tavern,05 Dec 25
05 Dec 25,-13.40,Card ending 8003,,CREDIT CARD PURCHASE,KFC Spencer Street Spencer Stree,-56.48,Restaurants & takeaway,KFC (Spencer St),05 Dec 25
05 Dec 25,-29.13,Card ending 8003,,CREDIT CARD PURCHASE,The Charles Dickens T Melbourne,-43.08,Restaurants & takeaway,Charles Dickens Tavern,05 Dec 25
05 Dec 25,-13.95,Card ending 8003,,CREDIT CARD PURCHASE,Daniel's Southern Docklands,-13.95,Cafe & coffee,Daniel's Donuts (Southern Cross),05 Dec 25
03 Dec 25,-21.43,Card ending 8003,,CREDIT CARD PURCHASE,ALDI STORES SUNBURY,0.00,Groceries,ALDI (Sunbury),03 Dec 25
03 Dec 25,2509.54,Card ending 8003,,CREDIT CARD PAYMENT,INTERNET PAYMENT Linked Acc Trns,21.43,Internal transfers,,03 Dec 25
02 Dec 25,-279.00,Card ending 8003,,CREDIT CARD PURCHASE,BUTCHERCROWD PTY LTD KEWARRA BEACH,-2488.11,Groceries,ButcherCrowd,02 Dec 25
02 Dec 25,-21.15,Card ending 8003,,CREDIT CARD PURCHASE,FRIENDLY GROCER JIND JINDABYNE,-2209.11,Groceries,Friendly Grocer (Jindabyne),02 Dec 25
02 Dec 25,-45.86,Card ending 8003,,CREDIT CARD PURCHASE,CHEMIST WAREHOUSE SUNBURY,-2187.96,Medical,Chemist Warehouse (Sunbury),02 Dec 25
01 Dec 25,-25.00,Card ending 8003,,CREDIT CARD PURCHASE,Garmin Eastern Creek,-2142.10,Electronics & technology,Garmin Australasia,01 Dec 25
01 Dec 25,-14.75,Card ending 8003,,CREDIT CARD PURCHASE,MCDONALDS EUROA EUROA,-2117.10,Restaurants & takeaway,McDonald's (Euroa),01 Dec 25
01 Dec 25,-20.00,Card ending 8003,,CREDIT CARD PURCHASE,MYKI PAYMENTS MELBOURNE,-2102.35,Public transport,Myki Payments,01 Dec 25
01 Dec 25,-24.75,Card ending 8003,,CREDIT CARD PURCHASE,SQ *CAFE CORRYONG BREW Corryong,-2082.35,Cafe & coffee,Cafe Corryong Brew,01 Dec 25
01 Dec 25,-152.88,Card ending 8003,,CREDIT CARD PURCHASE,7-ELEVEN 1417 WODONGA,-2057.60,Fuel,7-Eleven (Wodonga),01 Dec 25
01 Dec 25,-7.76,Card ending 8003,,CREDIT CARD PURCHASE,SQ *GOTCHI CAFE Jindabyne,-1904.72,Restaurants & takeaway,Gotchi Jindabyne,01 Dec 25
01 Dec 25,-163.03,Card ending 8003,,CREDIT CARD PURCHASE,EG GROUP/73 TONE ROAD WANGARATTA,-1896.96,Fuel,EG Group (Wangaratta),01 Dec 25
28 Nov 25,-15.00,Card ending 8003,,CREDIT CARD PURCHASE,SP GEARSUPPLY TS WEST RYDE,-1733.93,Uncategorised,,28 Nov 25
28 Nov 25,-80.63,Card ending 8003,,CREDIT CARD PURCHASE,WOOLWORTHS/107-117 HIGH SWODONGA,-1718.93,Groceries,Woolworths (Wodonga),28 Nov 25
28 Nov 25,-42.61,Card ending 8003,,CREDIT CARD PURCHASE,CHEMIST WAREHOUSE SUNBURY,-1638.30,Medical,Chemist Warehouse (Sunbury),28 Nov 25
28 Nov 25,-27.71,Card ending 8003,,CREDIT CARD PURCHASE,ZLR*Sunbury Fresh Marke Sunbury,-1595.69,Uncategorised,,28 Nov 25
28 Nov 25,-4.00,Card ending 8003,,CREDIT CARD PURCHASE,CocaColaEPP Melbourne,-1567.98,Restaurants & takeaway,Coca-Cola Europacific Partners,28 Nov 25
28 Nov 25,-169.98,Card ending 8003,,CREDIT CARD PURCHASE,USM Events Pty. Ltd MELBOURNE,-1563.98,Attractions & events,USM Events,28 Nov 25
28 Nov 25,-298.50,Card ending 8003,,CREDIT CARD PURCHASE,Charles Tyrwhitt Shirts LLondon,-1394.00,Clothing & accessories,Charles Tyrwhitt,28 Nov 25
28 Nov 25,-26.99,Card ending 8003,,CREDIT CARD PURCHASE,Lake Jindabyne Hotel Jindabyne,-1095.50,Accommodation,Lake Jindabyne Hotel,28 Nov 25
28 Nov 25,-20.32,Card ending 8003,,CREDIT CARD PURCHASE,SQ *OZ LAZIKO Jindabyne,-1068.51,Services,Oz Laziko,28 Nov 25
28 Nov 25,-260.00,Card ending 8003,,CREDIT CARD PURCHASE,DR SIVAKHAMI SATCHIT EAST MELBOURN,-1048.19,Medical,Dr Sivakhami Satchithanan (Eye Surgery Consultants),28 Nov 25
28 Nov 25,-2.99,Card ending     ,,FEES,NAB INTNL TRAN FEE - (SC),-788.19,Fees,,28 Nov 25
27 Nov 25,-3.25,Card ending 8003,,CREDIT CARD PURCHASE,WOOLWORTHS/25-47 HORNE STSUNBURY,-785.20,Groceries,Woolworths (Sunbury),27 Nov 25
26 Nov 25,-144.05,Card ending 8003,,CREDIT CARD PURCHASE,eBay O*05-13886-09857 INTERNET,-781.95,Other shopping,eBay,26 Nov 25
24 Nov 25,-8.35,Card ending 8003,,CREDIT CARD PURCHASE,MCDONALDS BOURKE ST MELBOURNE,-637.90,Restaurants & takeaway,"McDonald's (Bourke St, Melbourne)",24 Nov 25
24 Nov 25,-11.80,Card ending 8003,,CREDIT CARD PURCHASE,YIBOWANG PTY LTD MARIBYRNONG,-629.55,Restaurants & takeaway,Yibowang Pty Ltd,24 Nov 25
24 Nov 25,-49.99,Card ending 8003,,CREDIT CARD PURCHASE,AMAZON MARKETPLACE AU SYDNEY,-617.75,Other shopping,Amazon,24 Nov 25
24 Nov 25,-240.15,Card ending 8003,,CREDIT CARD PURCHASE,Woolworths Online BellaVista,-567.76,Groceries,Woolworths Online,24 Nov 25
24 Nov 25,-69.99,Card ending 8003,,CREDIT CARD PURCHASE,AMAZON MARKETPLACE AU SYDNEY,-327.61,Other shopping,Amazon,24 Nov 25
24 Nov 25,-20.00,Card ending 8003,,CREDIT CARD PURCHASE,MYKI PAYMENTS MELBOURNE,-257.62,Public transport,Myki Payments,24 Nov 25
24 Nov 25,-80.34,Card ending 8003,,CREDIT CARD PURCHASE,AMAZON MARKETPLACE AU SYDNEY,-237.62,Other shopping,Amazon,24 Nov 25
24 Nov 25,-53.32,Card ending 8168,,CREDIT CARD PURCHASE,UBER *TRIP HELP.UBER.COM Sydney,-157.28,Taxis & ride shares,Uber,24 Nov 25
21 Nov 25,-15.00,Card ending 8003,,CREDIT CARD PURCHASE,WOOLWORTHS/25-47 HORNE STSUNBURY,-103.96,Groceries,Woolworths (Sunbury),21 Nov 25
21 Nov 25,-7.45,Card ending 8003,,CREDIT CARD PURCHASE,Hungry Jacks Melbourne (Sp,-88.96,Restaurants & takeaway,Hungry Jacks (Spencer Street),21 Nov 25
21 Nov 25,-33.00,Card ending 8003,,CREDIT CARD PURCHASE,OFFICEWORKS 0311 MELBOURNE,-81.51,Other shopping,"Officeworks (Elizabeth St, Melbourne)",21 Nov 25
21 Nov 25,-3.80,Card ending 8003,,CREDIT CARD PURCHASE,CocaColaEPP Melbourne,-48.51,Restaurants & takeaway,Coca-Cola Europacific Partners,21 Nov 25
21 Nov 25,-7.61,Card ending 8003,,CREDIT CARD PURCHASE,Le Yeahllow South Yarra,-44.71,Cafe & coffee,Le Yeahllow (South Yarra),21 Nov 25
20 Nov 25,-5.06,Card ending 8003,,CREDIT CARD PURCHASE,SOUTHERN CROSS STATIO Docklands,-37.10,Public transport,Southern Cross Station,20 Nov 25
20 Nov 25,-13.70,Card ending 8003,,CREDIT CARD PURCHASE,WOOLWORTHS/25-47 HORNE STSUNBURY,-32.04,Groceries,Woolworths (Sunbury),20 Nov 25
20 Nov 25,-18.34,Card ending 8003,,CREDIT CARD PURCHASE,SQ *BEARDED BROTHERS ESPRMelbourne,-18.34,Cafe & coffee,Bearded Brothers Espresso,20 Nov 25
19 Nov 25,1035.42,Card ending 8003,,CREDIT CARD PAYMENT,INTERNET PAYMENT Linked Acc Trns,0.00,Internal transfers,,19 Nov 25
17 Nov 25,-187.67,Card ending 8003,,CREDIT CARD PURCHASE,Woolworths Online BellaVista,-1035.42,Groceries,Woolworths Online,17 Nov 25
17 Nov 25,-68.99,Card ending 8003,,CREDIT CARD PURCHASE,PJ'S PET WAREHOUSE P SUNBURY,-847.75,Pets,PJ's Pet Warehouse,17 Nov 25
17 Nov 25,-21.25,Card ending 8003,,CREDIT CARD PURCHASE,ANGLERS TAVERN MARIBYRNONG,-778.76,Restaurants & takeaway,Anglers Tavern,17 Nov 25
17 Nov 25,-48.28,Card ending 8003,,CREDIT CARD PURCHASE,ANGLERS TAVERN Maribyrnong,-757.51,Restaurants & takeaway,Anglers Tavern,17 Nov 25
17 Nov 25,-166.80,Card ending 8168,,CREDIT CARD PURCHASE,COASTAL CONTACTS AUS KEMPS CREEK,-709.23,Medical,Clearly,17 Nov 25
17 Nov 25,-12.00,Card ending 8003,,CREDIT CARD PURCHASE,SUNBURY LITTLE ATHLET Sunbury,-542.43,Uncategorised,,17 Nov 25
17 Nov 25,-155.64,Card ending 8003,,CREDIT CARD PURCHASE,SHELL REDDY EXPRESS SUN SUNBURY,-530.43,Fuel,Shell Reddy Express (Sunbury),17 Nov 25
14 Nov 25,-54.96,Card ending 8003,,CREDIT CARD PURCHASE,QUARTERHOUSE DOCKLANDS,-374.79,Restaurants & takeaway,Quarterhouse,14 Nov 25
13 Nov 25,-21.94,Card ending 8003,,CREDIT CARD PURCHASE,ZLR*Sunbury Fresh Marke Sunbury,-319.83,Uncategorised,,13 Nov 25
12 Nov 25,-3.50,Card ending 8003,,CREDIT CARD PURCHASE,SNACKS R US WILLIAMSTOWN,-297.89,Groceries,Snacks R' Us Vending,12 Nov 25
10 Nov 25,-20.00,Card ending 8003,,CREDIT CARD PURCHASE,MYKI PAYMENTS MELBOURNE,-294.39,Public transport,Myki Payments,10 Nov 25
10 Nov 25,-8.40,Card ending 8003,,CREDIT CARD PURCHASE,SUSHI HUB MELB CNTRL MELBOURNE,-274.39,Restaurants & takeaway,Sushi Hub (Melbourne Central),10 Nov 25
10 Nov 25,-105.00,Card ending 8003,,CREDIT CARD PURCHASE,SP VANTA MELBOURNE,-265.99,Clothing & accessories,Vanta,10 Nov 25
10 Nov 25,-102.25,Card ending 8003,,CREDIT CARD PURCHASE,SP ALPHA FORTIS TENERIFFE,-160.99,Clothing & accessories,Alpha Fortis,10 Nov 25
10 Nov 25,-16.27,Card ending 8003,,CREDIT CARD PURCHASE,AMAZON MARKETPLACE AU SYDNEY,-58.74,Other shopping,Amazon,10 Nov 25
10 Nov 25,-35.97,Card ending 8003,,CREDIT CARD PURCHASE,AMAZON MARKETPLACE AU SYDNEY,-42.47,Other shopping,Amazon,10 Nov 25
07 Nov 25,-20.00,Card ending 8003,,CREDIT CARD PURCHASE,MYKI PAYMENTS MELBOURNE,-6.50,Public transport,Myki Payments,07 Nov 25
07 Nov 25,-6.50,Card ending 8003,,CREDIT CARD PURCHASE,The Trustee for Ahmed Werribee,13.50,Restaurants & takeaway,The Trustee for Ahmed Family Trust,07 Nov 25
06 Nov 25,-8.53,Card ending 8003,,CREDIT CARD PURCHASE,SQ *SHUJI SUSHI Melbourne,20.00,Restaurants & takeaway,"Shuji Sushi (Lonsdale St, Melbourne)",06 Nov 25
06 Nov 25,-53.47,Card ending 8003,,CREDIT CARD PURCHASE,CHEMIST WAREHOUSE SUNBURY,28.53,Medical,Chemist Warehouse (Sunbury),06 Nov 25
06 Nov 25,-15.02,Card ending 8003,,CREDIT CARD PURCHASE,DC & MC PTY LTD Dandenong,82.00,Restaurants & takeaway,Dumpling Chef,06 Nov 25
06 Nov 25,-31.50,Card ending 8003,,CREDIT CARD PURCHASE,BP MANSFIELD 2474 MANSFIELD,97.02,Fuel,BP (Mansfield),06 Nov 25
06 Nov 25,-3.95,Card ending 8003,,CREDIT CARD PURCHASE,SAMS FRIENDLY GROCER MELBOURNE,128.52,Groceries,Sam's Friendly Grocer,06 Nov 25
05 Nov 25,-33.54,Card ending 8003,,CREDIT CARD PURCHASE,Mansfield Golf Club Mansfield,132.47,Gym & fitness,Mansfield Golf Club,05 Nov 25
05 Nov 25,2101.17,Card ending 8003,,CREDIT CARD PAYMENT,INTERNET PAYMENT Linked Acc Trns,166.01,Internal transfers,,05 Nov 25
04 Nov 25,-49.33,Card ending 8003,,CREDIT CARD PURCHASE,MARKS SUPA IGA MANSFIELD,-1935.16,Groceries,Marks Supa IGA,04 Nov 25
04 Nov 25,-123.99,Card ending 8003,,CREDIT CARD PURCHASE,mansfield hunting and Mansfield,-1885.83,Hobbies,Mansfield Hunting & Fishing,04 Nov 25
04 Nov 25,-39.95,Card ending 8003,,CREDIT CARD PURCHASE,mansfield hunting and Mansfield,-1761.84,Hobbies,Mansfield Hunting & Fishing,04 Nov 25
04 Nov 25,-55.36,Card ending 8003,,CREDIT CARD PURCHASE,Mansfield Golf Club Mansfield,-1721.89,Gym & fitness,Mansfield Golf Club,04 Nov 25
04 Nov 25,-19.98,Card ending 8003,,CREDIT CARD PURCHASE,MARKS SUPA IGA MANSFIELD,-1666.53,Groceries,Marks Supa IGA,04 Nov 25
04 Nov 25,-21.23,Card ending 8003,,CREDIT CARD PURCHASE,SQ *MANSFIELD COFFEE MERCMansfield,-1646.55,Cafe & coffee,Mansfield Coffee Merchant,04 Nov 25
04 Nov 25,-279.00,Card ending 8003,,CREDIT CARD PURCHASE,BUTCHERCROWD PTY LTD KEWARRA BEACH,-1625.32,Groceries,ButcherCrowd,04 Nov 25
03 Nov 25,-25.31,Card ending 8003,,CREDIT CARD PURCHASE,DAGGER AND ROSE B SUNBURY,-1346.32,Personal care,Dagger & Rose Barbershop,03 Nov 25
03 Nov 25,-111.10,Card ending 8003,,CREDIT CARD PURCHASE,Delatite Hotel Mansfi Mansfield,-1321.01,Restaurants & takeaway,Delatite Hotel,03 Nov 25
03 Nov 25,-78.96,Card ending 8003,,CREDIT CARD PURCHASE,SUPER CHEAP AUTO SUNBURY,-1209.91,Vehicle expenses,Super Cheap Auto (Sunbury),03 Nov 25
03 Nov 25,-23.35,Card ending 8003,,CREDIT CARD PURCHASE,SQ *MANSFIELD COFFEE MERCMansfield,-1130.95,Cafe & coffee,Mansfield Coffee Merchant,03 Nov 25
03 Nov 25,-116.69,Card ending 8003,,CREDIT CARD PURCHASE,BUNNINGS 395000 SUNBURY,-1107.60,Home improvements,Bunnings (Sunbury),03 Nov 25
03 Nov 25,-18.31,Card ending 8168,,CREDIT CARD PURCHASE,UBER *TRIP HELP.UBER.COM Sydney,-990.91,Taxis & ride shares,Uber,03 Nov 25
03 Nov 25,-7.59,Card ending 8003,,CREDIT CARD PURCHASE,Calvino Coffee Wallan,-972.60,Cafe & coffee,Calvino Coffee (Wallan - Outbound),03 Nov 25
31 Oct 25,-140.63,Card ending 8003,,CREDIT CARD PURCHASE,WOOLWORTHS/25-47 HORNE STSUNBURY,-965.01,Groceries,Woolworths (Sunbury),31 Oct 25
30 Oct 25,-7.00,Card ending 8003,,CREDIT CARD PURCHASE,HUME CITY COUNCIL SUNBURY,-824.38,Travel expenses,Hume City Council (Sunbury Visitor Information Centre),30 Oct 25
30 Oct 25,-20.19,Card ending 8003,,CREDIT CARD PURCHASE,AMAZON MARKETPLACE AU SYDNEY,-817.38,Other shopping,Amazon,30 Oct 25
30 Oct 25,-14.49,Card ending 8168,,CREDIT CARD PURCHASE,UBER* TRIP WWW.UBER.COM/,-797.19,Taxis & ride shares,Uber,30 Oct 25
30 Oct 25,-25.00,Card ending 8003,,CREDIT CARD PURCHASE,Garmin Eastern Creek,-782.70,Electronics & technology,Garmin Australasia,30 Oct 25
30 Oct 25,-281.90,Card ending 8003,,CREDIT CARD PURCHASE,WILD EARTH BURLEIGH HEAD,-757.70,Other shopping,Wild Earth (Gold Coast),30 Oct 25
29 Oct 25,-14.96,Card ending 8168,,CREDIT CARD PURCHASE,UBER *TRIP HELP.UBER.COM Sydney,-475.80,Taxis & ride shares,Uber,29 Oct 25
29 Oct 25,-31.84,Card ending 8168,,CREDIT CARD PURCHASE,ACT CABS 0261030882 FYSHWICK,-460.84,Taxis & ride shares,ACT Cabs,29 Oct 25
29 Oct 25,-3.50,Card ending 8003,,CREDIT CARD PURCHASE,SNACKS R US WILLIAMSTOWN,-429.00,Groceries,Snacks R' Us Vending,29 Oct 25
29 Oct 25,-123.80,Card ending 8003,,CREDIT CARD PURCHASE,Bulk Nutrients 61362664725,-425.50,Groceries,Bulk Nutrients,29 Oct 25
28 Oct 25,-27.15,Card ending 8003,,CREDIT CARD PURCHASE,MCDONALDS ROSENTHAL SUNBURY,-301.70,Restaurants & takeaway,McDonald's (Rosenthal Village),28 Oct 25
28 Oct 25,-78.70,Card ending 8003,,CREDIT CARD PURCHASE,ALDI STORES SUNBURY,-274.55,Groceries,ALDI (Sunbury),28 Oct 25
27 Oct 25,-48.43,Card ending 8003,,CREDIT CARD PURCHASE,Croc's Playctr Keilor Keilor Park,-195.85,Attractions & events,Croc's Playcentre (Keilor Park),27 Oct 25
27 Oct 25,-22.90,Card ending 8003,,CREDIT CARD PURCHASE,AMAZON MARKETPLACE AU SYDNEY,-147.42,Other shopping,Amazon,27 Oct 25
27 Oct 25,-36.83,Card ending 8003,,CREDIT CARD PURCHASE,Croc's Playctr Keilor Keilor Park,-124.52,Attractions & events,Croc's Playcentre (Keilor Park),27 Oct 25
27 Oct 25,-4.49,Card ending 8003,,CREDIT CARD PURCHASE,CHEMIST WAREHOUSE SUNBURY,-87.69,Medical,Chemist Warehouse (Sunbury),27 Oct 25
27 Oct 25,-24.99,Card ending 8003,,CREDIT CARD PURCHASE,AMAZON AU SYDNEY,-83.20,Other shopping,Amazon,27 Oct 25
27 Oct 25,-27.00,Card ending 8003,,CREDIT CARD PURCHASE,BIG W/HORNE STREET SUNBURY,-58.21,Other shopping,BIG W (Sunbury),27 Oct 25
24 Oct 25,-7.61,Card ending 8003,,CREDIT CARD PURCHASE,Le Yeahllow South Yarra,-31.21,Cafe & coffee,Le Yeahllow (South Yarra),24 Oct 25
24 Oct 25,-7.85,Card ending 8003,,CREDIT CARD PURCHASE,SAMS FRIENDLY GROCER MELBOURNE,-23.60,Groceries,Sam's Friendly Grocer,24 Oct 25
24 Oct 25,-6.75,Card ending 8003,,CREDIT CARD PURCHASE,WOOLWORTHS/25-47 HORNE STSUNBURY,-15.75,Groceries,Woolworths (Sunbury),24 Oct 25
23 Oct 25,-9.00,Card ending 8003,,CREDIT CARD PURCHASE,HUME CITY COUNCIL SUNBURY,-9.00,Travel expenses,Hume City Council (Sunbury Visitor Information Centre),23 Oct 25
22 Oct 25,1629.06,Card ending 8003,,CREDIT CARD PAYMENT,INTERNET PAYMENT Linked Acc Trns,0.00,Internal transfers,,22 Oct 25
22 Oct 25,200.00,Card ending 8003,,CREDIT CARD PAYMENT,INTERNET PAYMENT Linked Acc Trns,-1629.06,Internal transfers,,22 Oct 25
20 Oct 25,-243.00,Card ending 8003,,CREDIT CARD PURCHASE,SP BACKPACKING LIGHT A LARA,-1829.06,Other shopping,Backpacking Light Australia,20 Oct 25
20 Oct 25,-32.47,Card ending 8003,,CREDIT CARD PURCHASE,JANAGROM NOMINEES PTY SUNBURY,-1586.06,Groceries,Morgans SUPA IGA (Sunbury),20 Oct 25
20 Oct 25,-6.50,Card ending 8003,,CREDIT CARD PURCHASE,7-ELEVEN 1161 SUNBURY,-1553.59,Fuel,7-Eleven (Sunbury),20 Oct 25
20 Oct 25,-4.00,Card ending 8003,,CREDIT CARD PURCHASE,SUNBURY LITTLE ATHLET Sunbury,-1547.09,Uncategorised,,20 Oct 25
20 Oct 25,-17.99,Card ending 8003,,CREDIT CARD PURCHASE,AMAZON MARKETPLACE AU SYDNEY SOUTH,-1543.09,Other shopping,Amazon,20 Oct 25
20 Oct 25,-7.00,Card ending 8003,,CREDIT CARD PURCHASE,SUNBURY LITTLE ATHLET Sunbury,-1525.10,Uncategorised,,20 Oct 25
17 Oct 25,-85.99,Card ending 8003,,CREDIT CARD PURCHASE,AMAZON MARKETPLACE AU SYDNEY SOUTH,-1518.10,Other shopping,Amazon,17 Oct 25
17 Oct 25,-20.00,Card ending 8003,,CREDIT CARD PURCHASE,MYKI PAYMENTS MELBOURNE,-1432.11,Public transport,Myki Payments,17 Oct 25
17 Oct 25,-69.99,Card ending 8003,,CREDIT CARD PURCHASE,AMAZON MARKETPLACE AU SYDNEY SOUTH,-1412.11,Other shopping,Amazon,17 Oct 25
16 Oct 25,-29.99,Card ending 8003,,CREDIT CARD PURCHASE,MACPAC MELBOURNE MELBOURNE,-1342.12,Homeware,Macpac (Melbourne),16 Oct 25
16 Oct 25,-739.14,Card ending 8003,,CREDIT CARD PURCHASE,HUME CITY COUNCIL BROADMEADOWS,-1312.13,Government,Hume City Council,16 Oct 25
16 Oct 25,-84.45,Card ending 8003,,CREDIT CARD PURCHASE,EVELYN FAYE NUTRITIONAL HMELBOURNE,-572.99,Medical,Evelyn Faye Nutrition (Melbourne),16 Oct 25
16 Oct 25,-5.10,Card ending 8003,,CREDIT CARD PURCHASE,WOOLWORTHS/25-47 HORNE STSUNBURY,-488.54,Groceries,Woolworths (Sunbury),16 Oct 25
16 Oct 25,-39.42,Card ending 8003,,CREDIT CARD PURCHASE,AMAZON MARKETPLACE AU SYDNEY SOUTH,-483.44,Other shopping,Amazon,16 Oct 25
16 Oct 25,-19.90,Card ending 8003,,CREDIT CARD PURCHASE,CAFE VISTA DFO PTY LTD MEADOW HEIGHT,-444.02,Cafe & coffee,Cafe Vista,16 Oct 25
15 Oct 25,-101.38,Card ending 8168,,CREDIT CARD PURCHASE,PLAYHQ.COM - BASKETBAL MELBOURNE,-424.12,Gym & fitness,PlayHQ,15 Oct 25
13 Oct 25,-55.00,Card ending 8003,,CREDIT CARD PURCHASE,SQ *RACHAEL LUCAS Sunbury,-322.74,Other shopping,Square,13 Oct 25
13 Oct 25,-47.22,Card ending 8003,,CREDIT CARD PURCHASE,SQ *TA VALLETTA PASTA - SSunbury,-267.74,Other shopping,Square,13 Oct 25
13 Oct 25,-8.00,Card ending 8003,,CREDIT CARD PURCHASE,SUNBURY LITTLE ATHLET Sunbury,-220.52,Uncategorised,,13 Oct 25
13 Oct 25,-12.99,Card ending 8003,,CREDIT CARD PURCHASE,AMAZON MARKETPLACE AU SYDNEY SOUTH,-212.52,Other shopping,Amazon,13 Oct 25
13 Oct 25,-51.07,Card ending 8003,,CREDIT CARD PURCHASE,BUNNINGS 395000 SUNBURY,-199.53,Home improvements,Bunnings (Sunbury),13 Oct 25
10 Oct 25,-11.80,Card ending 8003,,CREDIT CARD PURCHASE,YIBOWANG PTY LTD MARIBYRNONG,-148.46,Restaurants & takeaway,Yibowang Pty Ltd,10 Oct 25
10 Oct 25,-5.75,Card ending 8003,,CREDIT CARD PURCHASE,WOOLWORTHS/25-47 HORNE STSUNBURY,-136.66,Groceries,Woolworths (Sunbury),10 Oct 25
10 Oct 25,-7.38,Card ending 8003,,CREDIT CARD PURCHASE,Daniel's Southern Docklands,-130.91,Cafe & coffee,Daniel's Donuts (Southern Cross),10 Oct 25
10 Oct 25,-8.53,Card ending 8003,,CREDIT CARD PURCHASE,SQ *SHUJI SUSHI Melbourne,-123.53,Restaurants & takeaway,"Shuji Sushi (Lonsdale St, Melbourne)",10 Oct 25
10 Oct 25,-115.00,Card ending 8003,,CREDIT CARD PURCHASE,Bulk Nutrients 61362664725,-115.00,Groceries,Bulk Nutrients,10 Oct 25
10 Oct 25,-20.00,Card ending 8003,,CREDIT CARD PURCHASE,MYKI PAYMENTS MELBOURNE,0.00,Public transport,Myki Payments,10 Oct 25
09 Oct 25,-67.93,Card ending 8003,,CREDIT CARD PURCHASE,ALDI STORES SUNBURY,20.00,Groceries,ALDI (Sunbury),09 Oct 25
08 Oct 25,-49.98,Card ending 8003,,CREDIT CARD PURCHASE,AMAZON MARKETPLACE AU SYDNEY SOUTH,87.93,Other shopping,Amazon,08 Oct 25
08 Oct 25,945.03,Card ending 8003,,CREDIT CARD PAYMENT,INTERNET PAYMENT Linked Acc Trns,137.91,Internal transfers,,08 Oct 25
07 Oct 25,-6.67,Card ending 8003,,CREDIT CARD PURCHASE,LITTLE VILLAGE AUSTRAL SUNBURY,-807.12,Attractions & events,Little Village Play,07 Oct 25
07 Oct 25,-279.00,Card ending 8003,,CREDIT CARD PURCHASE,BUTCHERCROWD PTY LTD KEWARRA BEACH,-800.45,Groceries,ButcherCrowd,07 Oct 25
07 Oct 25,-76.75,Card ending 8003,,CREDIT CARD PURCHASE,AMAZON MARKETPLACE AU SYDNEY SOUTH,-521.45,Other shopping,Amazon,07 Oct 25
07 Oct 25,-26.49,Card ending 8003,,CREDIT CARD PURCHASE,BUNNINGS 395000 SUNBURY,-444.70,Home improvements,Bunnings (Sunbury),07 Oct 25
06 Oct 25,-20.00,Card ending 8003,,CREDIT CARD PURCHASE,MYKI PAYMENTS MELBOURNE,-418.21,Public transport,Myki Payments,06 Oct 25
06 Oct 25,-159.34,Card ending 8003,,CREDIT CARD PURCHASE,Woolworths Online BellaVista,-398.21,Groceries,Woolworths Online,06 Oct 25
02 Oct 25,-7.21,Card ending 8003,,CREDIT CARD PURCHASE,SQ *SUPERNOVA COFFEE MAKEMelbourne,-238.87,Cafe & coffee,Supernova coffee (Melbourne),02 Oct 25
01 Oct 25,-21.77,Card ending 8003,,CREDIT CARD PURCHASE,Garmin Eastern Creek,-231.66,Electronics & technology,Garmin Australasia,01 Oct 25
30 Sep 25,-120.33,Card ending 8003,,CREDIT CARD PURCHASE,BUNNINGS 395000 SUNBURY,-209.89,Home improvements,Bunnings (Sunbury),30 Sep 25
30 Sep 25,-5.50,Card ending 8003,,CREDIT CARD PURCHASE,BUNNINGS 395000 SUNBURY,-89.56,Home improvements,Bunnings (Sunbury),30 Sep 25
29 Sep 25,-12.50,Card ending 8003,,CREDIT CARD PURCHASE,INSYNC ENTERTAINMENT Sunbury,-84.06,Attractions & events,,29 Sep 25
29 Sep 25,-50.81,Card ending 8003,,CREDIT CARD PURCHASE,BUNNINGS 395000 SUNBURY,-71.56,Home improvements,Bunnings (Sunbury),29 Sep 25
26 Sep 25,-6.00,Card ending 8003,,CREDIT CARD PURCHASE,IN A RUSH SCS DOCKLANDS,-20.75,Cafe & coffee,In A Rush Espresso (Southern Cross Station),26 Sep 25
26 Sep 25,-14.75,Card ending 8003,,CREDIT CARD PURCHASE,WOOLWORTHS/25-47 HORNE STSUNBURY,-14.75,Groceries,Woolworths (Sunbury),26 Sep 25
24 Sep 25,413.44,Card ending 8003,,CREDIT CARD PAYMENT,INTERNET PAYMENT Linked Acc Trns,0.00,Internal transfers,,24 Sep 25
22 Sep 25,-115.00,Card ending 8003,,CREDIT CARD PURCHASE,NIOA NOMINEES EAGLE FARM,-413.44,Services,Nioa Nominees,22 Sep 25
22 Sep 25,-2.76,Card ending 8168,,CREDIT CARD PURCHASE,FACEBK *KGX5P35ZN2 fb.me/ads,-298.44,Electronics & technology,Facebook,22 Sep 25
22 Sep 25,-0.03,Card ending     ,,FEES,NAB INTNL TRAN FEE - (SC),-295.68,Fees,,22 Sep 25
22 Sep 25,-140.14,Card ending 8003,,CREDIT CARD PURCHASE,BUNNINGS 395000 SUNBURY,-295.65,Home improvements,Bunnings (Sunbury),22 Sep 25
22 Sep 25,-20.00,Card ending 8003,,CREDIT CARD PURCHASE,MYKI PAYMENTS MELBOURNE,-155.51,Public transport,Myki Payments,22 Sep 25
19 Sep 25,-8.40,Card ending 8003,,CREDIT CARD PURCHASE,SUSHI HUB MELB CNTRL MELBOURNE,-135.51,Restaurants & takeaway,Sushi Hub (Melbourne Central),19 Sep 25
17 Sep 25,-49.98,Card ending 8003,,CREDIT CARD PURCHASE,AMAZON MARKETPLACE AU SYDNEY SOUTH,-127.11,Other shopping,Amazon,17 Sep 25
16 Sep 25,-57.13,Card ending 8003,,CREDIT CARD PURCHASE,BUNNINGS 395000 SUNBURY,-77.13,Home improvements,Bunnings (Sunbury),16 Sep 25
15 Sep 25,1099.87,Card ending 8003,,CREDIT CARD PAYMENT,INTERNET PAYMENT Linked Acc Trns,-20.00,Internal transfers,,15 Sep 25
15 Sep 25,-20.00,Card ending 8168,,CREDIT CARD PURCHASE,SQ *MARNONG ESTATE Mickleham,-1119.87,Alcohol,Marnong Estate,15 Sep 25
15 Sep 25,-16.26,Card ending 8003,,CREDIT CARD PURCHASE,SMP*The Yoozh Sunbury,-1099.87,Cafe & coffee,The Yoozh Cafe,15 Sep 25
12 Sep 25,-16.20,Card ending 8003,,CREDIT CARD PURCHASE,MCDONALDS SUNBURY SUNBURY,-1083.61,Restaurants & takeaway,McDonald's (Sunbury),12 Sep 25
12 Sep 25,-20.00,Card ending 8003,,CREDIT CARD PURCHASE,MYKI PAYMENTS MELBOURNE,-1067.41,Public transport,Myki Payments,12 Sep 25
11 Sep 25,-60.88,Card ending 8003,,CREDIT CARD PURCHASE,The Charles Dickens T Melbourne,-1047.41,Restaurants & takeaway,Charles Dickens Tavern,11 Sep 25
11 Sep 25,-8.53,Card ending 8003,,CREDIT CARD PURCHASE,SQ *SHUJI SUSHI Melbourne,-986.53,Restaurants & takeaway,"Shuji Sushi (Lonsdale St, Melbourne)",11 Sep 25
11 Sep 25,-28.81,Card ending 8003,,CREDIT CARD PURCHASE,The Charles Dickens T Melbourne,-978.00,Restaurants & takeaway,Charles Dickens Tavern,11 Sep 25
10 Sep 25,-40.79,Card ending 8168,,CREDIT CARD PURCHASE,TEMU.COM PARRAMATTA,-949.19,Other shopping,Temu Australia,10 Sep 25
09 Sep 25,-279.00,Card ending 8003,,CREDIT CARD PURCHASE,BUTCHERCROWD PTY LTD KEWARRA BEACH,-908.40,Groceries,ButcherCrowd,09 Sep 25
09 Sep 25,-11.90,Card ending 8003,,CREDIT CARD PURCHASE,ZOUKI CAFE HOT FOOD3 PARKVILLE,-629.40,Cafe & coffee,Zouki (Royal Melbourne Hospital),09 Sep 25
09 Sep 25,-17.20,Card ending 8003,,CREDIT CARD PURCHASE,MCDONALDS SUNBURY SUNBURY,-617.50,Restaurants & takeaway,McDonald's (Sunbury),09 Sep 25
09 Sep 25,-350.00,Card ending 8168,,CREDIT CARD PURCHASE,JONATHAN NETTLE PARKVILLE,-600.30,Medical,,09 Sep 25
08 Sep 25,-59.84,Card ending 8003,,CREDIT CARD PURCHASE,AMAZON MARKETPLACE AU SYDNEY SOUTH,-250.30,Other shopping,Amazon,08 Sep 25
08 Sep 25,-96.30,Card ending 8003,,CREDIT CARD PURCHASE,KEILOR HOTEL KEILOR,-190.46,Restaurants & takeaway,Keilor Hotel,08 Sep 25
08 Sep 25,-183.46,Card ending 8003,,CREDIT CARD PURCHASE,BUNNINGS 395000 SUNBURY,-94.16,Home improvements,Bunnings (Sunbury),08 Sep 25
08 Sep 25,-7.00,Card ending 8003,,CREDIT CARD PURCHASE,BUNNINGSSAUSAGESIZZLE HAWTHORN EAST,89.30,Home improvements,Bunnings,08 Sep 25
04 Sep 25,813.11,Card ending 8003,,CREDIT CARD PAYMENT,INTERNET PAYMENT Linked Acc Trns,96.30,Internal transfers,,04 Sep 25
04 Sep 25,-25.00,Card ending 8003,,CREDIT CARD PURCHASE,Garmin Eastern Creek,-716.81,Electronics & technology,Garmin Australasia,04 Sep 25
04 Sep 25,-24.00,Card ending 8003,,CREDIT CARD PURCHASE,EPWORTH FOUNDATION RICHMOND,-691.81,Donations,Epworth Foundation (Richmond),04 Sep 25
04 Sep 25,-168.45,Card ending 8003,,CREDIT CARD PURCHASE,Reddy Express 6731 Keilor,-667.81,Fuel,Shell Reddy Express (Keilor),04 Sep 25
03 Sep 25,-6.00,Card ending 8003,,CREDIT CARD PURCHASE,ALDI STORES SUNBURY,-499.36,Groceries,ALDI (Sunbury),03 Sep 25
02 Sep 25,-77.31,Card ending 8003,,CREDIT CARD PURCHASE,T F MEATS PTY LTD SUNBURY,-493.36,Groceries,Whitehorn's Gourmet Butchery,02 Sep 25
01 Sep 25,-5.58,Card ending 8003,,CREDIT CARD PURCHASE,BRUNO PIPOLO LITTLE RIVER,-416.05,Restaurants & takeaway,Bruno Pipolo,01 Sep 25
01 Sep 25,-0.72,Card ending     ,,FEES,NAB INTNL TRAN FEE - (SC),-410.47,Fees,,01 Sep 25
01 Sep 25,-10.30,Card ending 8003,,CREDIT CARD PURCHASE,AMAZON AU SYDNEY SOUTH,-409.75,Other shopping,Amazon,01 Sep 25
01 Sep 25,-72.06,Card ending 8003,,CREDIT CARD PURCHASE,www.aliexpress.com WWW.ALIEXPRES,-399.45,Other shopping,AliExpress,01 Sep 25
29 Aug 25,-39.99,Card ending 8003,,CREDIT CARD PURCHASE,AMAZON MARKETPLACE AU SYDNEY SOUTH,-327.39,Other shopping,Amazon,29 Aug 25
29 Aug 25,-278.87,Card ending 8003,,CREDIT CARD PURCHASE,Sunbury Firearm Suppl SUNBURY,-287.40,Services,Sunbury Firearm Supplies,29 Aug 25
28 Aug 25,-8.53,Card ending 8003,,CREDIT CARD PURCHASE,SQ *SHUJI SUSHI Melbourne,-8.53,Restaurants & takeaway,"Shuji Sushi (Lonsdale St, Melbourne)",28 Aug 25
27 Aug 25,888.02,Card ending 8003,,CREDIT CARD PAYMENT,INTERNET PAYMENT Linked Acc Trns,0.00,Internal transfers,,27 Aug 25
26 Aug 25,-16.09,Card ending     ,,INTEREST CHARGED,INTEREST ON PURCHASE(S),-888.02,Fees,,26 Aug 25
26 Aug 25,-40.56,Card ending 8003,,CREDIT CARD PURCHASE,LUX BARBER SUNBURY SUNBURY,-871.93,Personal care,Lux Barber Sunbury,26 Aug 25
25 Aug 25,-19.00,Card ending 8003,,CREDIT CARD PURCHASE,SQ *JAMIESON GENERAL STORJamieson,-831.37,Groceries,Jamieson General Store & Newsagency,25 Aug 25
25 Aug 25,-50.13,Card ending 8003,,CREDIT CARD PURCHASE,ALDI STORES SUNBURY,-812.37,Groceries,ALDI (Sunbury),25 Aug 25
25 Aug 25,-38.10,Card ending 8003,,CREDIT CARD PURCHASE,WOOLWORTHS/90 VINEYARD RDSUNBURY,-762.24,Groceries,Woolworths (Sunbury South),25 Aug 25
25 Aug 25,-16.50,Card ending 8003,,CREDIT CARD PURCHASE,YEA FOODWORKS YEA,-724.14,Groceries,Foodworks (Yea),25 Aug 25
25 Aug 25,-94.02,Card ending 8003,,CREDIT CARD PURCHASE,AMPOL MANSFIELD 33673F MANSFIELD,-707.64,Fuel,Ampol Foodary (Mansfield),25 Aug 25
25 Aug 25,-4.00,Card ending 8003,,CREDIT CARD PURCHASE,CocaColaEPP Melbourne,-613.62,Restaurants & takeaway,Coca-Cola Europacific Partners,25 Aug 25
25 Aug 25,-20.00,Card ending 8003,,CREDIT CARD PURCHASE,MYKI PAYMENTS MELBOURNE,-609.62,Public transport,Myki Payments,25 Aug 25
25 Aug 25,-9.68,Card ending 8003,,CREDIT CARD PURCHASE,AMAZON AU SYDNEY SOUTH,-589.62,Other shopping,Amazon,25 Aug 25
25 Aug 25,-34.56,Card ending 8003,,CREDIT CARD PURCHASE,BUNNINGS 395000 SUNBURY,-579.94,Home improvements,Bunnings (Sunbury),25 Aug 25
22 Aug 25,-8.53,Card ending 8003,,CREDIT CARD PURCHASE,SQ *SHUJI SUSHI Melbourne,-545.38,Restaurants & takeaway,"Shuji Sushi (Lonsdale St, Melbourne)",22 Aug 25
22 Aug 25,-7.21,Card ending 8003,,CREDIT CARD PURCHASE,SQ *SUPERNOVA COFFEE MAKEMelbourne,-536.85,Cafe & coffee,Supernova coffee (Melbourne),22 Aug 25
22 Aug 25,-14.50,Card ending 8003,,CREDIT CARD PURCHASE,ALPNALYAS GROUP PTY LT ESSENDON,-529.64,Restaurants & takeaway,Alpnalyas Group Pty Ltd,22 Aug 25
21 Aug 25,-8.98,Card ending 8003,,CREDIT CARD PURCHASE,AMAZON MARKETPLACE AU SYDNEY SOUTH,-515.14,Other shopping,Amazon,21 Aug 25
21 Aug 25,-37.00,Card ending 8003,,CREDIT CARD PURCHASE,WILSON PARKING MEL047 MELBOURNE,-506.16,Parking & tolls,Wilson Parking,21 Aug 25
20 Aug 25,-5.70,Card ending 8003,,CREDIT CARD PURCHASE,GILBER ENTERPRISE P/ EAST MELBOURN,-469.16,Restaurants & takeaway,Gilber Enterprise Pty Ltd,20 Aug 25
20 Aug 25,-69.95,Card ending 8003,,CREDIT CARD PURCHASE,AMAZON MARKETPLACE AU SYDNEY SOUTH,-463.46,Other shopping,Amazon,20 Aug 25
20 Aug 25,-5.00,Card ending 8003,,CREDIT CARD PURCHASE,GILBER ENTERPRISE P/ EAST MELBOURN,-393.51,Restaurants & takeaway,Gilber Enterprise Pty Ltd,20 Aug 25
19 Aug 25,-12.80,Card ending 8003,,CREDIT CARD PURCHASE,MCDONALDS SUNBURY SUNBURY,-388.51,Restaurants & takeaway,McDonald's (Sunbury),19 Aug 25
19 Aug 25,-20.75,Card ending 8003,,CREDIT CARD PURCHASE,LORENZOS ESPRESSO ESSENDON,-375.71,Cafe & coffee,Lorenzo's Espresso,19 Aug 25
19 Aug 25,-14.95,Card ending 8003,,CREDIT CARD PURCHASE,MCDONALDS CALDER NOR KEILOR NORTH,-354.96,Restaurants & takeaway,McDonald's (Calder Park),19 Aug 25
19 Aug 25,-57.70,Card ending 8003,,CREDIT CARD PURCHASE,BUNNINGS 395000 SUNBURY,-340.01,Home improvements,Bunnings (Sunbury),19 Aug 25
18 Aug 25,-4.00,Card ending 8003,,CREDIT CARD PURCHASE,CocaColaEPP Footscray,-282.31,Restaurants & takeaway,Coca-Cola Europacific Partners,18 Aug 25
18 Aug 25,-61.98,Card ending 8003,,CREDIT CARD PURCHASE,AMAZON MARKETPLACE AU SYDNEY SOUTH,-278.31,Other shopping,Amazon,18 Aug 25
18 Aug 25,-18.21,Card ending 8003,,CREDIT CARD PURCHASE,UBER *TRIP HELP.UBER.COM Sydney,-216.33,Taxis & ride shares,Uber,18 Aug 25
18 Aug 25,-29.00,Card ending 8003,,CREDIT CARD PURCHASE,AMAZON AU SYDNEY SOUTH,-198.12,Other shopping,Amazon,18 Aug 25
18 Aug 25,-6.10,Card ending 8003,,CREDIT CARD PURCHASE,WOOLWORTHS/25-47 HORNE STSUNBURY,-169.12,Groceries,Woolworths (Sunbury),18 Aug 25
18 Aug 25,-60.00,Card ending 8003,,CREDIT CARD PURCHASE,BWS LIQUOR/90 VINEYARD RDSUNBURY,-163.02,Alcohol,BWS (Rosenthal),18 Aug 25
15 Aug 25,-7.00,Card ending 8003,,CREDIT CARD PURCHASE,Reddy Express 1494 Moonee Ponds,-103.02,Fuel,Shell Reddy Express (Moonee Ponds),15 Aug 25
15 Aug 25,-96.02,Card ending 8003,,CREDIT CARD PURCHASE,CHEMIST WAREHOUSE SUNBURY,-96.02,Medical,Chemist Warehouse (Sunbury),15 Aug 25
14 Aug 25,-47.37,Card ending 8003,,CREDIT CARD PURCHASE,SMP*Matte Black 15 Essendon,0.00,Cafe & coffee,Matte Black,14 Aug 25
13 Aug 25,-3.50,Card ending 8003,,CREDIT CARD PURCHASE,SNACKS R US WILLIAMSTOWN,47.37,Groceries,Snacks R' Us Vending,13 Aug 25
13 Aug 25,2923.90,Card ending 8003,,CREDIT CARD PAYMENT,INTERNET PAYMENT Linked Acc Trns,50.87,Internal transfers,,13 Aug 25
13 Aug 25,-156.33,Card ending 8003,,CREDIT CARD PURCHASE,Woolworths Online BELLA VISTA,-2873.03,Groceries,Woolworths Online,13 Aug 25
13 Aug 25,-20.00,Card ending 8003,,CREDIT CARD PURCHASE,RAFFLELINK* ADA2025 BRISBANE,-2716.70,Donations,RaffleLink,13 Aug 25
13 Aug 25,-39.29,Card ending 8003,,CREDIT CARD PURCHASE,ALDI STORES SUNBURY,-2696.70,Groceries,ALDI (Sunbury),13 Aug 25
13 Aug 25,-8.25,Card ending 8003,,CREDIT CARD PURCHASE,CLEAN MAINTAIN RESTORE SUNBURY,-2657.41,Services,Clean Maintain Restore,13 Aug 25
13 Aug 25,-4.50,Card ending 8003,,CREDIT CARD PURCHASE,SNACKS R US WILLIAMSTOWN,-2649.16,Groceries,Snacks R' Us Vending,13 Aug 25
12 Aug 25,-26.30,Card ending 8003,,CREDIT CARD PURCHASE,ZOUKICAFE COFFEE ONE PARKVILLE,-2644.66,Cafe & coffee,Zouki Cafe (Parkville),12 Aug 25
12 Aug 25,-10.00,Card ending 8003,,CREDIT CARD PURCHASE,WILSON PARKING MEL244 PARKVILLE,-2618.36,Parking & tolls,Wilson Parking (Royal Womens Hospital Car Park),12 Aug 25
12 Aug 25,-94.92,Card ending 8003,,CREDIT CARD PURCHASE,BUNNINGS 395000 SUNBURY,-2608.36,Home improvements,Bunnings (Sunbury),12 Aug 25
12 Aug 25,-45.12,Card ending 8003,,CREDIT CARD PURCHASE,EZI*BOLT & NUT AUSTRAL MURARRIE,-2513.44,Gym & fitness,Bolt & Nut Australia,12 Aug 25
11 Aug 25,-6.38,Card ending 8003,,CREDIT CARD PURCHASE,EasyPark PRAHRAN,-2468.32,Parking & tolls,EasyPark,11 Aug 25
11 Aug 25,-16.82,Card ending 8003,,CREDIT CARD PURCHASE,FOODWORKS MELBA SUNBURY,-2461.94,Groceries,Foodworks (Melba Ave Sunbury),11 Aug 25
11 Aug 25,-4.48,Card ending 8003,,CREDIT CARD PURCHASE,EasyPark PRAHRAN,-2445.12,Parking & tolls,EasyPark,11 Aug 25
11 Aug 25,-18.20,Card ending 8003,,CREDIT CARD PURCHASE,SUNBURY CARWASH SUNBURY,-2440.64,Vehicle expenses,Sunbury Hand Car Wash,11 Aug 25
11 Aug 25,-68.90,Card ending 8003,,CREDIT CARD PURCHASE,LGSPAREPART ROCKDALE,-2422.44,Electronics & technology,LG Spare Parts,11 Aug 25
11 Aug 25,-8.25,Card ending 8003,,CREDIT CARD PURCHASE,CLEAN MAINTAIN RESTORE SUNBURY,-2353.54,Services,Clean Maintain Restore,11 Aug 25
11 Aug 25,-224.70,Card ending 8003,,CREDIT CARD PURCHASE,SP 4WDETAIL KEDRON,-2345.29,Vehicle expenses,4WDetail,11 Aug 25
11 Aug 25,-248.00,Card ending 8003,,CREDIT CARD PURCHASE,OUTDOOR SUPACENTRE OLYMPIC PARK,-2120.59,Other shopping,4WD Supacentre,11 Aug 25
11 Aug 25,-309.00,Card ending 8003,,CREDIT CARD PURCHASE,CARSALES.COM.AU PTY LT RICHMOND,-1872.59,Vehicle expenses,Carsales,11 Aug 25
11 Aug 25,-79.00,Card ending 8003,,CREDIT CARD PURCHASE,AMAZON AU SYDNEY SOUTH,-1563.59,Other shopping,Amazon,11 Aug 25
11 Aug 25,-8.25,Card ending 8003,,CREDIT CARD PURCHASE,CLEAN MAINTAIN RESTORE SUNBURY,-1484.59,Services,Clean Maintain Restore,11 Aug 25
11 Aug 25,-24.64,Card ending 8003,,CREDIT CARD PURCHASE,AMAZON MARKETPLACE AU SYDNEY SOUTH,-1476.34,Other shopping,Amazon,11 Aug 25
11 Aug 25,-4.50,Card ending 8003,,CREDIT CARD PURCHASE,CIRCUM WASH MENTONE,-1451.70,Electronics & technology,CircumTec,11 Aug 25
11 Aug 25,-25.49,Card ending 8003,,CREDIT CARD PURCHASE,AMAZON MARKETPLACE AU SYDNEY SOUTH,-1447.20,Other shopping,Amazon,11 Aug 25
11 Aug 25,-218.31,Card ending 8003,,CREDIT CARD PURCHASE,Woolworths Online BELLA VISTA,-1421.71,Groceries,Woolworths Online,11 Aug 25
11 Aug 25,-5.50,Card ending 8003,,CREDIT CARD PURCHASE,AMAZON AU SYDNEY SOUTH,-1203.40,Other shopping,Amazon,11 Aug 25
07 Aug 25,-125.00,Card ending 8168,,CREDIT CARD PURCHASE,TEETH ON WHEELS PASCOE VALE S,-1197.90,Uncategorised,,07 Aug 25
07 Aug 25,4105.15,Card ending 8003,,CREDIT CARD PAYMENT,INTERNET PAYMENT Linked Acc Trns,-1072.90,Internal transfers,,07 Aug 25
07 Aug 25,-50.28,Card ending 8003,,CREDIT CARD PURCHASE,BUNNINGS 395000 SUNBURY,-5178.05,Home improvements,Bunnings (Sunbury),07 Aug 25
07 Aug 25,-6.30,Card ending 8003,,CREDIT CARD PURCHASE,EasyPark PRAHRAN,-5127.77,Parking & tolls,EasyPark,07 Aug 25
06 Aug 25,-22.99,Card ending 8003,,CREDIT CARD PURCHASE,AMAZON MARKETPLACE AU SYDNEY SOUTH,-5121.47,Other shopping,Amazon,06 Aug 25
05 Aug 25,-0.29,Card ending     ,,FEES,NAB INTNL TRAN FEE - (MC),-5098.48,Fees,,05 Aug 25
05 Aug 25,82.10,Card ending 8003,,CREDIT CARD PAYMENT,INTERNET PAYMENT Linked Acc Trns,-5098.19,Internal transfers,,05 Aug 25
05 Aug 25,-28.73,Card ending 8003,,CREDIT CARD PURCHASE,REAL DEBRID LEVALLOIS-PER,-5180.29,Electronics & technology,Real-Debrid,05 Aug 25
05 Aug 25,-176.68,Card ending 8003,,CREDIT CARD PURCHASE,ALDI STORES SHELLHARBOUR,-5151.56,Groceries,ALDI (Shellharbour),05 Aug 25
04 Aug 25,-89.30,Card ending 8003,,CREDIT CARD PURCHASE,Woolworths Online BELLA VISTA,-4974.88,Groceries,Woolworths Online,04 Aug 25
04 Aug 25,-0.99,Card ending 8003,,CREDIT CARD PURCHASE,ALDI STORES SHELLHARBOUR,-4885.58,Groceries,ALDI (Shellharbour),04 Aug 25
04 Aug 25,-50.95,Card ending 8003,,CREDIT CARD PURCHASE,SP BCS AUTO PAINTS REVESBY,-4884.59,Vehicle expenses,BCS Auto Paints,04 Aug 25
04 Aug 25,-400.00,Card ending 8003,,CREDIT CARD PURCHASE,SP DEERSCHOOL DER LADE MERNDA,-4833.64,Uncategorised,,04 Aug 25
04 Aug 25,-37.91,Card ending 8003,,CREDIT CARD PURCHASE,LITTLE VILLAGE AUSTRAL SUNBURY,-4433.64,Attractions & events,Little Village Play,04 Aug 25
04 Aug 25,-128.30,Card ending 8003,,CREDIT CARD PURCHASE,SUPER CHEAP AUTO SUNBURY,-4395.73,Vehicle expenses,Super Cheap Auto (Sunbury),04 Aug 25
04 Aug 25,-5.50,Card ending 8003,,CREDIT CARD PURCHASE,CIRCUM WASH MENTONE,-4267.43,Electronics & technology,CircumTec,04 Aug 25
04 Aug 25,-25.00,Card ending 8003,,CREDIT CARD PURCHASE,Garmin Eastern Creek,-4261.93,Electronics & technology,Garmin Australasia,04 Aug 25
04 Aug 25,-12.50,Card ending 8003,,CREDIT CARD PURCHASE,CIRCUM WASH MENTONE,-4236.93,Electronics & technology,CircumTec,04 Aug 25
01 Aug 25,-20.00,Card ending 8003,,CREDIT CARD PURCHASE,MYKI PAYMENTS MELBOURNE,-4224.43,Public transport,Myki Payments,01 Aug 25
29 Jul 25,-27.05,Card ending 8003,,CREDIT CARD PURCHASE,MCDONALDS SUNBURY SUNBURY,-4204.43,Restaurants & takeaway,McDonald's (Sunbury),29 Jul 25
28 Jul 25,-33.40,Card ending 8003,,CREDIT CARD PURCHASE,WEB*BLUEHOST.COM 888-4014678 UT,-4177.38,Uncategorised,,28 Jul 25
28 Jul 25,-18.50,Card ending 8003,,CREDIT CARD PURCHASE,CIRCUM WASH MENTONE,-4143.98,Electronics & technology,CircumTec,28 Jul 25
28 Jul 25,-20.00,Card ending 8003,,CREDIT CARD PURCHASE,MYKI PAYMENTS MELBOURNE,-4125.48,Public transport,Myki Payments,28 Jul 25
28 Jul 25,-0.33,Card ending     ,,FEES,NAB INTNL TRAN FEE - (MC),-4105.48,Fees,,28 Jul 25
25 Jul 25,-4.20,Card ending 8003,,CREDIT CARD PURCHASE,CocaColaEPP Melbourne,-4105.15,Restaurants & takeaway,Coca-Cola Europacific Partners,25 Jul 25
25 Jul 25,-20.09,Card ending     ,,INTEREST CHARGED,INTEREST ON PURCHASE(S),-4100.95,Fees,,25 Jul 25
25 Jul 25,-4.00,Card ending 8003,,CREDIT CARD PURCHASE,CocaColaEPP Melbourne,-4080.86,Restaurants & takeaway,Coca-Cola Europacific Partners,25 Jul 25
24 Jul 25,-24.25,Card ending 8003,,CREDIT CARD PURCHASE,WOOLWORTHS/25-47 HORNE STSUNBURY,-4076.86,Groceries,Woolworths (Sunbury),24 Jul 25
22 Jul 25,-22.70,Card ending 8168,,CREDIT CARD PURCHASE,ROD LAVER ARENA MELBOURNE,-4052.61,Attractions & events,Rod Laver Arena,22 Jul 25
22 Jul 25,-5.70,Card ending 8168,,CREDIT CARD PURCHASE,ROD LAVER ARENA MELBOURNE,-4029.91,Attractions & events,Rod Laver Arena,22 Jul 25
22 Jul 25,-75.00,Card ending 8168,,CREDIT CARD PURCHASE,AUSTRAL*OUR LADY OF MO 1300889272,-4024.21,Donations,GoFundraise,22 Jul 25
21 Jul 25,-32.46,Card ending 8003,,CREDIT CARD PURCHASE,Sonny Cafe Inverleigh,-3949.21,Cafe & coffee,Sonny Cafe,21 Jul 25
18 Jul 25,-116.72,Card ending 8003,,CREDIT CARD PURCHASE,SQ *CLOCK BY THE BAY Portland,-3916.75,Restaurants & takeaway,Clock By The Bay,18 Jul 25
17 Jul 25,-13.00,Card ending 8003,,CREDIT CARD PURCHASE,DEEP BLUE BAR AND DINI WARNAMBOOL,-3800.03,Cafe & coffee,Tides Cafe & Bar,17 Jul 25
17 Jul 25,-6.00,Card ending 8003,,CREDIT CARD PURCHASE,DEEP BLUE HOTEL & HOT WARRNAMBOOL,-3787.03,Accommodation,Deep Blue Hotel & Hot Springs,17 Jul 25
17 Jul 25,2000.00,Card ending 8003,,CREDIT CARD PAYMENT,INTERNET PAYMENT Linked Acc Trns,-3781.03,Internal transfers,,17 Jul 25
15 Jul 25,-279.00,Card ending 8003,,CREDIT CARD PURCHASE,BUTCHERCROWD PTY LTD KEWARRA BEACH,-5781.03,Groceries,ButcherCrowd,15 Jul 25
15 Jul 25,-10.00,Card ending 8003,,CREDIT CARD PURCHASE,BP AA GEELONG STHBND 7470CORIO,-5502.03,Fuel,BP (AA Geelong Southbound),15 Jul 25
15 Jul 25,-20.00,Card ending 8003,,CREDIT CARD PURCHASE,TARGET 5023 WARRNAMBOOL,-5492.03,Other shopping,Target (Warrnambool),15 Jul 25
14 Jul 25,-178.00,Card ending 8003,,CREDIT CARD PURCHASE,Deep Blue Hotel and Hot SWarrnambool,-5472.03,Accommodation,Deep Blue Hotel & Hot Springs,14 Jul 25
14 Jul 25,-10.50,Card ending 8003,,CREDIT CARD PURCHASE,PORTLANDPANTHERSOCCER Portland,-5294.03,Uncategorised,,14 Jul 25
11 Jul 25,-22.33,Card ending 8003,,CREDIT CARD PURCHASE,DIVVY Parking Melbourne,-5283.53,Parking & tolls,Divvy Parking,11 Jul 25
11 Jul 25,-13.80,Card ending 8003,,CREDIT CARD PURCHASE,MCDONALDS GEELONG BY LOVELY BANKS,-5261.20,Restaurants & takeaway,McDonald's (Lovely Banks),11 Jul 25
11 Jul 25,-66.70,Card ending 8168,,CREDIT CARD PURCHASE,LA PORCHETTA COLAC COLAC,-5247.40,Restaurants & takeaway,La Porchetta (Colac),11 Jul 25
11 Jul 25,-5.00,Card ending 8003,,CREDIT CARD PURCHASE,ATLANTIC GROUP MELBOURNE,-5180.70,Restaurants & takeaway,Atlantic Group,11 Jul 25
10 Jul 25,-19.95,Card ending 8003,,CREDIT CARD PURCHASE,BP COBDEN 7484 COBDEN,-5175.70,Fuel,BP (Cobden),10 Jul 25
08 Jul 25,-5.20,Card ending 8003,,CREDIT CARD PURCHASE,SUNBURY CARWASH SUNBURY,-5155.75,Vehicle expenses,Sunbury Hand Car Wash,08 Jul 25
08 Jul 25,-39.40,Card ending 8168,,CREDIT CARD PURCHASE,LITTLE VILLAGE AUSTRAL SUNBURY,-5150.55,Attractions & events,Little Village Play,08 Jul 25
08 Jul 25,-11.63,Card ending 8168,,CREDIT CARD PURCHASE,LITTLE VILLAGE AUSTRAL SUNBURY,-5111.15,Attractions & events,Little Village Play,08 Jul 25
08 Jul 25,-18.20,Card ending 8003,,CREDIT CARD PURCHASE,SUNBURY CARWASH SUNBURY,-5099.52,Vehicle expenses,Sunbury Hand Car Wash,08 Jul 25
08 Jul 25,-15.27,Card ending 8168,,CREDIT CARD PURCHASE,LITTLE VILLAGE AUSTRAL SUNBURY,-5081.32,Attractions & events,Little Village Play,08 Jul 25
08 Jul 25,-5.20,Card ending 8003,,CREDIT CARD PURCHASE,SUNBURY CARWASH SUNBURY,-5066.05,Vehicle expenses,Sunbury Hand Car Wash,08 Jul 25
08 Jul 25,-63.29,Card ending 8003,,CREDIT CARD PURCHASE,ALDI STORES SHELLHARBOUR,-5060.85,Groceries,ALDI (Shellharbour),08 Jul 25
08 Jul 25,-6.67,Card ending 8168,,CREDIT CARD PURCHASE,LITTLE VILLAGE AUSTRAL SUNBURY,-4997.56,Attractions & events,Little Village Play,08 Jul 25
08 Jul 25,-116.74,Card ending 8168,,CREDIT CARD PURCHASE,"IYENGAR, NAGALAXMI Sunbury",-4990.89,Uncategorised,,08 Jul 25
08 Jul 25,397.24,Card ending 8003,,CREDIT CARD REFUND,BUNNINGS 395000 SUNBURY,-4874.15,Refund,Bunnings (Sunbury),08 Jul 25
07 Jul 25,-397.24,Card ending 8003,,CREDIT CARD PURCHASE,BUNNINGS 395000 SUNBURY,-5271.39,Home improvements,Bunnings (Sunbury),07 Jul 25
07 Jul 25,-139.98,Card ending 8003,,CREDIT CARD PURCHASE,AMAZON MARKETPLACE AU SYDNEY SOUTH,-4874.15,Other shopping,Amazon,07 Jul 25
07 Jul 25,-25.00,Card ending 8003,,CREDIT CARD PURCHASE,Garmin Eastern Creek,-4734.17,Electronics & technology,Garmin Australasia,07 Jul 25
07 Jul 25,-4.50,Card ending 8003,,CREDIT CARD PURCHASE,CIRCUM WASH MENTONE,-4709.17,Electronics & technology,CircumTec,07 Jul 25
07 Jul 25,-14.99,Card ending 8003,,CREDIT CARD PURCHASE,UBER *TRIP HELP.UBER.COM Sydney,-4704.67,Taxis & ride shares,Uber,07 Jul 25
07 Jul 25,-46.69,Card ending 8168,,CREDIT CARD PURCHASE,WOOLWORTHS/90 VINEYARD RDSUNBURY,-4689.68,Groceries,Woolworths (Sunbury South),07 Jul 25
04 Jul 25,-20.00,Card ending 8003,,CREDIT CARD PURCHASE,MYKI PAYMENTS MELBOURNE,-4642.99,Public transport,Myki Payments,04 Jul 25
04 Jul 25,-4.00,Card ending 8168,,CREDIT CARD PURCHASE,HUME CITY COUNCIL SUNBURY,-4622.99,Travel expenses,Hume City Council (Sunbury Visitor Information Centre),04 Jul 25
03 Jul 25,-84.90,Card ending 8003,,CREDIT CARD PURCHASE,WOOLWORTHS/25-47 HORNE STSUNBURY,-4618.99,Groceries,Woolworths (Sunbury),03 Jul 25
03 Jul 25,-0.40,Card ending     ,,FEES,NAB INTNL TRAN FEE - (SC),-4534.09,Fees,,03 Jul 25
03 Jul 25,50.00,Card ending 8168,,CREDIT CARD REFUND,Myer Pty Ltd Docklands,-4533.69,Refund,Myer,03 Jul 25
03 Jul 25,-39.99,Card ending 8168,,CREDIT CARD PURCHASE,LEAPFROG *AUD 800-701-5327 CA,-4583.69,Other shopping,LeapFrog,03 Jul 25
02 Jul 25,-10.40,Card ending 8168,,CREDIT CARD PURCHASE,7-ELEVEN 1161 SUNBURY,-4543.70,Fuel,7-Eleven (Sunbury),02 Jul 25
02 Jul 25,-3.40,Card ending 8003,,CREDIT CARD PURCHASE,VENDATREAT ST ALBANS,-4533.30,Groceries,Venda,02 Jul 25
02 Jul 25,-3.60,Card ending 8003,,CREDIT CARD PURCHASE,VENDATREAT ST ALBANS,-4529.90,Groceries,Venda,02 Jul 25
02 Jul 25,-9.93,Card ending 8168,,CREDIT CARD PURCHASE,JANAGROM NOMINEES PTY SUNBURY,-4526.30,Groceries,Morgans SUPA IGA (Sunbury),02 Jul 25
01 Jul 25,-25.97,Card ending 8003,,CREDIT CARD PURCHASE,CHEMIST WAREHOUSE SUNBURY,-4516.37,Medical,Chemist Warehouse (Sunbury),01 Jul 25
01 Jul 25,-192.38,Card ending 8168,,CREDIT CARD PURCHASE,"IYENGAR, NAGALAXMI Sunbury",-4490.40,Uncategorised,,01 Jul 25
01 Jul 25,-14.96,Card ending 8168,,CREDIT CARD PURCHASE,COUNTRY ROAD RICHMOND,-4298.02,Clothing & accessories,Country Road,01 Jul 25
01 Jul 25,-13.30,Card ending 8003,,CREDIT CARD PURCHASE,MCDONALDS WALLAN NTH WALLAN,-4283.06,Restaurants & takeaway,McDonald's (Wallan North),01 Jul 25
01 Jul 25,-149.86,Card ending 8003,,CREDIT CARD PURCHASE,BP AA WLLN O/BND 5909 WALLAN,-4269.76,Fuel,BP (Aa Wallan Outbound),01 Jul 25